
@Book{jncnm79,
  catalogue-url	= { http://nla.gov.au/nla.cat-vn1060620 },
  isbn		= { 0852743300 },
  language	= { English },
  life-dates	= { 1979 - },
  publisher	= { Hilger, Bristol : },
  subjects	= { Numerical analysis - Data processing. },
  type		= { Book },
  author	= {Nash, J. C.},
  title		= { Compact numerical methods for computers : linear algebra
		  and function minimisation},
  pages		= { ix, 227 p. : },
  year		= {1979 }
}

@Book{		  jnmws87,
  isbn		= { },
  language	= { English },
  note		= { This book includes the complete software on diskette.
		  Republished combined with the previous item in electronic
		  form by Nash Information Services Inc.: Ottawa, 1996. },
  pages		= { },
  publisher	= { Marcel Dekker Inc.: New York },
  type		= { Book },
  author	= {Nash, John C. and Walker-Smith, Mary},
  title		= {Nonlinear parameter estimation: an integrated system in
		  BASIC },
  year		= { 1987 }
}

@Book{      acton70,
    AUTHOR    = "Forman S. Acton",
    TITLE     = "Numerical Methods that Work",
    PUBLISHER = "Harper and Row",
    ADDRESS   = {New York},
    YEAR      = {1970}
}

@Book{      brent73,
    AUTHOR    = "Brent, R.",
    TITLE     = "Algorithms for Minimization without Derivatives",
    PUBLISHER = "Prentice-Hall",
    ADDRESS   = {Englewood Cliffs, NJ},
    YEAR      = {1973}
}

