%% gradmin.bib

@Book{  jnmws87,
  isbn    = {0-8247-7819-7},
  language  = { English },
  note    = { This book includes the complete software on diskette.
      Republished combined with the previous item in electronic
      form by Nash Information Services Inc.: Ottawa, 1996. 
       JNfile: 87NLPEplus.zip},
  pages    = {xiii and 493},
  publisher  = { Marcel Dekker Inc.: New York },
  type    = { Book },
  author  = {Nash, John C. and Walker-Smith, Mary},
  title    = {Nonlinear parameter estimation: an integrated system in
      BASIC },
  year    = { 1987 }
}
