%% This BibTeX bibliography file was created using BibDesk.
%% http://bibdesk.sourceforge.net/


%% Created for Christophe Dutang at 2011-09-19 21:21:51 +0200 


%% Saved with string encoding Unicode (UTF-8) 



@article{facchfischpic09,
	Author = {Francisco Facchinei and Andreas Fischer and Veronica Piccialli},
	Date-Added = {2011-09-19 21:21:49 +0200},
	Date-Modified = {2011-09-19 21:21:49 +0200},
	Journal = {Math. Program., Ser. B},
	Pages = {163-194},
	Title = {{Generalized Nash equilibrium problems and Newton methods}},
	Volume = {117},
	Year = {2009}}
