@Article{RGtk2,
    title = {{RGtk2}: A Graphical User Interface Toolkit for {R}},
    author = {Michael Lawrence and Duncan {Temple Lang}},
    journal = {Journal of Statistical Software},
    year = {2010},
    volume = {37},
    number = {8},
    pages = {1--52},
    url = {http://www.jstatsoft.org/v37/i08/},
}
@Manual{gWidgets,
    title = {gWidgets: gWidgets API for building toolkit-independent, interactive GUIs},
    author = {John Verzani},
    year = {2011},
    note = {R package version 0.0-45},
    url = {http://CRAN.R-project.org/package=gWidgets},
}
@Manual{stats,
  title = {R: A Language and Environment for Statistical Computing},
  author = {{R Development Core Team}},
  organization = {R Foundation for Statistical Computing},
  address = {Vienna, Austria},
  year = {2011},
  note = {{ISBN} 3-900051-07-0},
  url = {http://www.R-project.org/},
}
@Manual{optimx,
    title = {optimx: A replacement and extension of the optim() function},
    author = {John C Nash and Ravi Varadhan},
    year = {2011},
    note = {R package version 2011-2.29},
    url = {http://CRAN.R-project.org/package=optimx},
}
@Manual{Rsolnp,
  title = {Rsolnp: General Non-linear Optimization Using Augmented
    Lagrange Multiplier Method},
  author = {Alexios Ghalanos and Stefan Theussl},
  year = {2011},
  note = {R package version 1.11.},
}
@PhdThesis{SOLNP,
  title = {Interior Algorithms for Linear, Quadratic, and Linearly Constrained Non-Linear Programming},
  author = {Yinyu Ye},
  year = {1987},
  school = {Department of {ESS}, Stanford University},
}

