@TechReport{more80,
    author = {Mor\'{e}, J. J. and Garbow, B. S. and Hillstrom, K. E.},
    institution = {Argonne National Laboratory},
    keywords = {algorithm, fitting, optimization},
    posted-at = {2008-08-05 12:38:34},
    priority = {2},
    title = {{ANL-80-74}, {User Guide for MINPACK-1}},
    url = {http://www.mcs.anl.gov/\~{}more/ANL8074a.pdf},
    year = {1980}
}


@Manual{ minpacklm12,
    title = {minpack.lm: R interface to the Levenberg-Marquardt nonlinear least-squares
algorithm found in MINPACK, plus support for bounds},
    author = {Timur V. Elzhov and Katharine M. Mullen and Andrej-Nikolai Spiess and Ben Bolker},
    organization = {R Project for Statistical Computing},
    year = {2012},
    note = {R package version 1.1-6},
    url = {http://CRAN.R-project.org/package=minpack.lm},
  }




@ARTICLE {Belisle92,
        AUTHOR="C. J. P. Belisle",
        TITLE="Convergence Theorems for a Class of Simulated Annealing
               Algorithms on {$\R^d$}",
        JOURNAL={Annals of Applied Probability},
        VOLUME={29},
        YEAR={1992},
        PAGES={885--895}  
}

@Article{Birgin2000,
  author =       "Ernesto G. Birgin and Jos{\'e} Mario Mart{\'\i}nez and
                 Marcos Raydan",
  title =        "Nonmonotone Spectral Projected Gradient Methods on
                 Convex Sets",
  journal =      {SIAM J Optimization},
  volume =       "10",
  number =       "4",
  pages =        "1196--1211",
  month =        {June--July},
  year =         {2000},
  url = {http://epubs.siam.org/sam-bin/dbq/article/33096}
}


@Article{Byrd95,
  author =       "Richard H. Byrd and Peihuang Lu and Jorge Nocedal and Ci You Zhu",
  title =        "A Limited Memory Algorithm for Bound Constrained Optimization",
  journal =      {SIAM Journal on Scientific Computing},
  volume =       "16",
  number =       "5",
  pages =        "1190--1208",
  month =        sep,
  year =         "1995",
  CODEN =        "SJOCE3",
  ISSN =         "1064-8275 (print), 1095-7197 (electronic)",
  MRclass =      "90C30 (65K05)",
  MRnumber =     "96e:90039",
  MRreviewer =   "Henry Wolkowicz",
  bibdate =      "Fri Dec 4 16:17:35 MST 1998",
  acknowledgement = ack-nhfb,
}

@book{Conn09,
author = {A.R.Conn, K.Scheinberg, and L.N.Vicente},
year={2009},
title={Introduction to Derivative-Free Optimization},
address = {Philadelphia},
publisher={SIAM}
} 

@ARTICLE{Dai99,
    author = {Y. H. Dai and Y. Yuan},
    title = {A Nonlinear Conjugate Gradient Method with a Strong Global Convergence Property},
    journal = {SIAM Journal on Optimization},
    year = {1999},
    volume = {10},
    pages = {177--182}
}

@inproceedings{Deng06,
 author = {Deng, Geng and Ferris, Michael C.},
 title = {{Adaptation of the UOBYQA Algorithm for Noisy Functions}},
 booktitle = {{WSC '06: Proceedings of the 38th Winter Simulation Conference}},
 year = {2006},
 isbn = {1-4244-0501-7},
 pages = {312--319},
 address = {Monterey, California},
 publisher = {Winter Simulation Conference},
 }

@article{Domini02,
  author    = {F. Dominici},
  title     = {On the Use of Generalized Additive Models in Time-Series 
               Studies of Air Pollution and Health.},
  journal   = {American Journal of Epidemiology},
  volume    = {156},
  number    = {3},
  year      = {2002},
  pages     = {193-202},
}

@Article{Dugg84,
AUTHOR = {Duggleby, R G},
TITLE = {Regression Analysis of Nonlinear {Arrhenius} Plots: An Empirical Model and 
         a Computer Program.},
JOURNAL = {Computers in Biology and Medicine},
VOLUME = {14},
YEAR = {1984},
NUMBER = {4},
PAGES = {447-55}
}


@article{Fletcher70,
  author    = {R. Fletcher},
  title     = {A New Approach to Variable Metric Algorithms},
  journal   = {Computer Journal},
  volume    = {13},
  number    = {3},
  year      = {1970},
  pages     = {317-322},
  bibsource = {DBLP, http://dblp.uni-trier.de}
}

@MISC{PORTlib,
   author = {Phyllis Fox},
   title = {The {Port Mathematical Subroutine Library}, Version 3},
   publisher = {AT\&T Bell Laboratories},
   address = {Murray Hill, NJ},
   url = {http://www.bell-labs.com/project/PORT/},
   year = 1997
   }

@MISC{Gil93,
author = {Dave Gillespie},
year = 1993,
title = {p2c},
publisher = {Free Software Foundation}, 
address = {Boston, MA},
url = {http://directory.fsf.org/project/p2c/}
}


@article{Hager06a,
 author = {William W. Hager and Hongchao Zhang},
 title = {A Survey of Nonlinear Conjugate Gradient Methods},
 journal = {Pacific Journal of Optimization},
 volume = {2},
 year = {2006},
 pages = {35--58},
 }

@article{Hager06b,
 author = {William W. Hager and Hongchao Zhang},
 title = {{Algorithm 851: CG DESCENT}, a Conjugate Gradient Method with Guaranteed Descent},
 journal = {ACM Transactions on Mathematical Software},
 volume = {32},
 number = {1},
 year = {2006},
 pages = {113--137},
 publisher = {ACM},
 address = {New York, NY, USA},
 }

@Book{Huet1996,
  author =       "S. (Sylvie) Huet and others",
  title =        "Statistical tools for nonlinear regression: a
                 practical guide with {S-PLUS} examples",
  publisher =    {pub-SV},
  address =      {pub-SV:adr},
  pages =        "ix + 154",
  year =         "1996",
  ISBN =         "0-387-94727-2",
  ISBN-13 =      "978-0-387-94727-3",
  LCCN =         "QA278.2.S73 1996",
  bibdate =      "Tue Sep 22 08:25:09 MDT 1998",
  series =       "Springer series in statistics",
  acknowledgement = ack-nhfb,
  keywords =     "Regression analysis; Nonlinear theories; Parameter
                 estimation."
}


@article{jnrv2011JSSOBKv43i09,
  author =  "John C. Nash and Ravi Varadhan",
  title =  "Unifying Optimization Algorithms to Aid Software System Users: optimx for {R}",
  journal =  "Journal of Statistical Software",
  volume =  "43",
  number =  "9",
  pages = {1--14},
  day =    "24",
  month =  "8",
  year =   "2011",
  CODEN =  "JSSOBK",
  ISSN =   "1548-7660",
  bibdate =  "2011-08-05",
  URL =    "http://www.jstatsoft.org/v43/i09",
  accepted =  "2011-08-05",
  acknowledgement = "",
  keywords =  "",
  submitted =  "2010-08-12",
}



@article{JoeNash,
 author = {Joe, Harry and Nash, John C.},
 title = {Numerical Optimization and Surface Estimation with Imprecise Function Evaluations},
 journal = {Statistics and Computing},
 volume = {13},
 number = {3},
 year = {2003},
 issn = {0960-3174},
 pages = {277--286},
 doi = {http://dx.doi.org/10.1023/A:1024226918553},
 publisher = {Kluwer Academic Publishers},
 address = {Hingham, MA, USA},
 }

@ARTICLE{Joh03,
    author = {H. Johannesen and J. Aamand},
    title = {Mineralization of Aged Atrazine, Terbuthylazine, 2,4-D, and Mecoprop 
             in Soil and Aquifer Sediment},
    journal = {Environmental Toxicology and Chemistry},
    year = {2003},
    volume = {22},
    pages = {722--729}
}

@ARTICLE{Kelley97,
    author = {C. T. Kelley},
    title = {Detection and Remediation of Stagnation in the Nelder-Mead Algorithm Using a Sufficient Decrease Condition},
    journal = {SIAM Journal on Optimization},
    year = {1997},
    volume = {10},
    pages = {43--55}
}

@ARTICLE{mccren00,
    author = {B. D. McCullough and Charles G. Renfro},
    title = {Some Numerical Aspects of Nonlinear Estimation},
    journal = {Journal of Economic and Social Measurement},
    year = {2000},
    volume = {26},
    number = {1},
    pages = {63--77}
}

@incollection{bdm04,
title = {Some Details of Nonlinear Estimation},
author = {McCullough, B. D.},
editor = {Altman, Micah and Gill, Jeff and McDonald, Michael P.},
publisher = {John Wiley \& Sons, Inc.},
chapter ={8},
pages = {199--218},
booktitle = {Numerical Issues in Statistical Computing for the Social Scientist},
year = {2004},
}


@MISC{plato,
author = {H. Mittelman},
year = {2008}, 
title = {Decision Tree for Optimization Software},
url = {http://plato.asu.edu/guide.html}
}


@book{jnmws87,
author = {John C. Nash and Mary Walker-Smith},
title = {Nonlinear Parameter Estimation: An Integrated System in BASIC},
year = {1987},
address = {New York},
publisher = {Marcel Dekker},
note = {See \url{http://www.nashinfo.com/nlpe.htm} for a downloadable version of this plus some extras.}
}


@inbook{SGN83,
author = {Stephen G. Nash},
year = 1983,
title = {Truncated-Newton Methods for Large-Scale Minimization},
crossref = {Rauch},
pages = {91--100}
}

@book{Rauch,
editor = {H. E. Rauch},
title = {Applications of Nonlinear Programming to Optimization and Control},
publisher = {Pergamon Press},
address = {Oxford}
}

@MISC{Nielsen2000,
    author       = "H. B. Nielsen",
    title        = "{UCMINF} - an Algorithm for Unconstrained, Nonlinear Optimization",
    year         = "2000",
    month        = "dec",
    pages        = "24",
    number       = "",
    series       = "",
    institution  = "{IMM,} {DTU}",
    address      = "",
    type         = "",
    url          = "http://www2.imm.dtu.dk/pubdb/p.php?642",
    isbn_issn    = "IMM-REP-2000-19"
}

@MISC{Powell98,
    author = {M. J. D. Powell},
    title = {Direct Search Algorithms for Optimization Calculations},
    year = {1998}
}

@article{Powell02,
    author = {M. J. D. Powell},
    issn = {0025-5610},
    journal = {Mathematical Programming},
    keywords = {approximation},
    month = {May},
    number = {3},
    pages = {555--582},
    posted-at = {2010-08-31 04:22:15},
    priority = {2},
    publisher = {Springer Berlin / Heidelberg},
    title = {UOBYQA: unconstrained optimization by quadratic approximation},
    url = {http://dx.doi.org/10.1007/s101070100290},
    volume = {92},
    year = {2002}
}

@article{Powell06,
        Author = {M. J. D. Powell},
        Date-Added = {2008-11-26 00:45:42 +0100},
        Date-Modified = {2008-11-26 00:52:47 +0100},
        Journal = {Large Scale Nonlinear Optimization},
        Pages = {255--297},
        Title = {The {NEWUOA} software for unconstrained optimization without derivatives},
        Year = {2006}}


@article{Powell07,
author = {Powell, M. J. D.}, 
title = {{Developments of NEWUOA for Minimization Without Derivatives}}, 
volume = {28}, 
number = {4}, 
pages = {649-664}, 
year = {2008}, 
journal = {IMA Journal of Numerical Analysis}, 
}

@misc{Powell09,
    author = {Powell, M. J. D.},
    month = aug,
    title = {{The BOBYQA algorithm for bound constrained optimization without derivatives}},
    url  =  {http://www.damtp.cam.ac.uk/user/na/NA_papers/NA2009_06.pdf},
    year = {2009}
}

@book{Price05,
author = {K. V. Price, R. M. Storn, and J. A. Lampinen},
year = {2005},
title = {Differential Evolution - A Practical Approach to Global Optimization},
address = {New York},
publisher = {Springer}
}

@article{Price77,
  author    = {Wyn L. Price},
  title     = {A Controlled Random Search Procedure for Global Optimisation},
  journal   = {Computer Journal},
  volume    = {20},
  number    = {4},
  year      = {1977},
  pages     = {367-370},
  bibsource = {DBLP, http://dblp.uni-trier.de}
}

@Book{Ratkowsky83,
    author = {David A. Ratkowsky},
    title = {Nonlinear Regression Modeling: A Unified Practical Approach},
    year = {1983},
    publisher = {Marcel Dekker Inc.},
    address = {New York and Basel}
}
    


@Manual{Rcite,
    title = {{\proglang{R}}: A Language and Environment for Statistical Computing},
    author = {{R Development Core Team}},
    organization = {R Foundation for Statistical Computing},
    address = {Vienna, Austria},
    year = {2008},
    note = {{ISBN} 3-900051-07-0},
    url = {http://www.R-project.org},
}

@MISC{stata,
author = {StataCorp},
year = 2009,
title = {Stata Statistical Software: Release 11},
address = {College Station, TX},
publisher= {StataCorp LP}
}

@MISC{genstat,
author = {R.W. Payne and D.A. Murray and S.A. Harding and
  D.B. Baird and  D.M. Soutar},
year = 2009,
title = {GenStat for Windows (12th Edition) Introduction},
publisher = {VSN International}, 
address = {Hemel Hempstead}
}

@BOOK{SAS,
author = {various},
title = {SAS},
publisher = {SAS Institute Inc.},
address = {Cary, NC}
}

@BOOK{Maple10,
author = {Michael B.~Monagan and Keith O.~Geddes and K.~Michael Heal
and George Labahn and Stefan M.~Vorkoetter and James McCarron and Paul DeMarco},
title = {Maple~10 Programming Guide},
publisher = {Maplesoft}, 
year = {2005},
address = {Waterloo ON, Canada},
} 

@BOOK{Mathematica4,
author = {Stephen Wolfram},
title = {The Mathematica Book},
publisher = {Wolfram Research Inc.},
year = {2000}
}


@Article{Schnabel85,
  author =       "Robert B. Schnabel and John E. Koontz and Barry E. Weiss",
  title =        "A Modular System of Algorithms for Unconstrained Minimization",
  journal =      {ACM Transactions on Mathematical Software},
  volume =       "11",
  number =       "4",
  pages =        "419--440",
  month =        dec,
  year =         "1985",
}

@Article{Bioc04,
    author = {Robert C Gentleman and Vincent J. Carey and Douglas M. Bates and {others}},
    title = {Bioconductor: Open Software Development for Computational Biology and 
              Bioinformatics},
    journal = {Genome Biology},
    volume = {5},
    year = {2004},
    pages = {R80},
    url = {http://genomebiology.com/2004/5/10/R80},
}

@Manual{p-Rcgmin,
    title = {{\pkg{Rcgmin}}: Conjugate Gradient Minimization of Nonlinear 
	Functions with Box Constraints},
    author = {John C. Nash},
    organization = {Nash Information Services Inc.}, 
    year = {2011},
    note = {R package version 2011-2.10},
  }

@Manual{p-optimx,
    title = {\pkg{optimx}: A Replacement and Extension of the {optim()} function},
    author = {John C Nash and Ravi Varadhan},
    organization = {Nash Information Services Inc. and Johns Hopkins University}, 
    year = {2011},
    note = {R package version 2011-3.5},
  }

@Manual{p-Rvmmin,
    title = {{\pkg{Rvmmin}}: Variable Metric Nonlinear Function Minimization 
	with Bounds Constraints},
    author = {John C. Nash},
    organization = {Nash Information Services Inc.}, 
    year = {2011},
    note = {R package version 2011-2.25},
  }

@Manual{p-ucminf,
    title = {\pkg{ucminf}: General-Purpose Unconstrained Non-linear Optimization},
    author = {Hans Bruun Nielsen and Stig Bousgaard Mortensen},
    year = {2009},
    organization = {R Foundation for Statistical Computing},
    note = {R package version 1.0-5},
}

@Article{p-BB,
    title = {{\pkg{BB}}: An {\proglang{R}} Package for Solving a Large System of 
                     Nonlinear Equations and for Optimizing a High-Dimensional 
                     Nonlinear Objective Function},
    author = {Ravi Varadhan and Paul Gilbert},
    journal = {Journal of Statistical Software},
    year = {2009},
    volume = {32},
    number = {4},
    pages = {1--26},
    url = {http://www.jstatsoft.org/v32/i04/},
}

@ARTICLE{Vara09,
    title = {{BB}: An {\proglang{R}} Package for Solving a Large System of 
      Nonlinear Equations and for Optimizing a High-Dimensional Nonlinear Objective Function},
    author = {Ravi Varadhan and Paul Gilbert},
    journal = {Journal of Statistical Software},
    year = {2009},
    volume = {32},
    number = {4},
    pages = {1--26},
    url = {http://www.jstatsoft.org/v32/i04/},
}


@Manual{p-minqa,
    title = {\pkg{minqa}: Derivative-Free Optimization Algorithms by Quadratic
              Approximation},
    author = {Douglas Bates and Katharine M. Mullen and John C. Nash and Ravi Varadhan},
    year = {2010},
    note = {R package version 1.1.13},
    organization = {R Foundation for Statistical Computing},
    url = {http://CRAN.R-project.org/package=minqa},
  }

@Manual{p-numDeriv,
    title = {\pkg{numDeriv}: Accurate Numerical Derivatives},
    author = {Paul Gilbert},
    year = {2009},
    note = {R package version 2009.2-1},
    organization = {R Foundation for Statistical Computing},
    url = {http://www.bank-banque-canada.ca/pgilbert},
}

@book{bateswatts,
	author = "D. M. Bates and D. G. Watts", 
	year = 1988,
	title = "Nonlinear Regression Analysis and Its Applications", 
	publisher = "Wiley"
}

@book{gillmurraywright,
	author = "P. E.~Gill and W.~Murray and M. H.~Wright", 
	year = 1981,
	title = "Practical Optimization", 
	publisher = "Academic Press"
}


@Manual{p-dfoptim,
    title = {dfoptim: Derivative-free Optimization},
    author = {Ravi Varadhan and Hans W. Borchers},
    organization = {Johns Hopkins University and 
              ABB Corporate Research.},
    year = {2011},
    note = {R package version 2011.12-9},
    url = {http://CRAN.R-project.org/package=dfoptim},
  }


@Book{jncnm79,
  catalogue-url	= { http://nla.gov.au/nla.cat-vn1060620 },
  isbn		= { 0852743300 },
  language	= { English },
  life-dates	= { 1979 - },
  publisher	= { Hilger, Bristol : },
  subjects	= { Numerical analysis - Data processing. },
  type		= { Book },
  author	= {Nash, J. C.},
  title		= { Compact numerical methods for computers : linear algebra
		  and function minimisation},
  pages		= { ix, 227 p. : },
  year		= {1979 }
}

@Book{      acton70,
    AUTHOR    = "Forman S. Acton",
    TITLE     = "Numerical Methods that Work",
    PUBLISHER = "Harper and Row",
    ADDRESS   = {New York},
    YEAR      = {1970}
}

@Book{      brent73,
    AUTHOR    = "Brent, R.",
    TITLE     = "Algorithms for Minimization without Derivatives",
    PUBLISHER = "Prentice-Hall",
    ADDRESS   = {Englewood Cliffs, NJ},
    YEAR      = {1973}
}

@Book{      DenSchnab83,
     AUTHOR = {Dennis, J. E. and Schnabel, R. B.},
     YEAR   = {1983},
     TITLE  = {Numerical Methods for Unconstrained Optimization and Nonlinear Equations},
     PUBLISHER = "Prentice-Hall",
     ADDRESS   = {Englewood Cliffs, NJ}
} 

@Article{ Schnabel85,
     AUTHOR = {Schnabel, R. B. and Koontz, J. E. and Weiss, B. E.},
     YEAR   = {1985},
     TITLE  = {A modular system of algorithms for unconstrained minimization},
     journal = {ACM Trans. Math. Software},
     volume = {11},
     pages = {419--440}
}

@article{Zhu1997LBFGS,
 author = {Zhu, Ciyou and Byrd, Richard H. and Lu, Peihuang and Nocedal, Jorge},
 title = {Algorithm 778: L-BFGS-B: Fortran subroutines for large-scale bound-constrained optimization},
 journal = {ACM Trans. Math. Softw.},
 issue_date = {Dec. 1997},
 volume = {23},
 number = {4},
 month = dec,
 year = {1997},
 issn = {0098-3500},
 pages = {550--560},
 numpages = {11},
 url = {http://doi.acm.org/10.1145/279232.279236},
 doi = {10.1145/279232.279236},
 acmid = {279236},
 publisher = {ACM},
 address = {New York, NY, USA},
 keywords = {large-scale optimization, limited-memory method, nonlinear optimization, variable metric method},
} 

@ARTICLE{Lu94alimited-memory,
    author = {Peihuang Lu and Jorge Nocedal and Ciyou Zhu and Richard H. Byrd and Richard H. Byrd},
    title = {A Limited-Memory Algorithm for Bound Constrained Optimization},
    journal = {SIAM Journal on Scientific Computing},
    year = {1994},
    volume = {16},
    pages = {1190--1208}
}

@article{Schnabel1985,
 author = {Schnabel, Robert B. and Koonatz, John E. and Weiss, Barry E.},
 title = {A modular system of algorithms for unconstrained minimization},
 journal = {ACM Trans. Math. Softw.},
 issue_date = {Dec. 1985},
 volume = {11},
 number = {4},
 month = dec,
 year = {1985},
 issn = {0098-3500},
 pages = {419--440},
 numpages = {22},
 url = {http://doi.acm.org/10.1145/6187.6192},
 doi = {10.1145/6187.6192},
 acmid = {6192},
 publisher = {ACM},
 address = {New York, NY, USA},
} 

@article{Cauchy1848,
author ={Cauchy, A.},
year =  {1848},
title = {Méthode générale pour la resolution des systémes d’équations simultanées},
journal = {C. R. Acad. Sci.}, 
address = {Paris},
volume = {27},
pages = {536-8}
}

@inproceedings{ jn1987termin,
    title = {Termination strategies for nonlinear parameter determination},
    booktitle = {Proceedings of the Australian Society for Operations Research Annual Conference},
    author = {John C. Nash},
    editor = {Santosh Kumar},
    year = {1987},
    month = {October},
    pages = {322 -- 334},
    address = {Melbourne, Australia}
}

@inproceedings{ jnCTAC87,
   title = {Function minimization on small or special computers},
   author = {John C. Nash},
   booktitle = {Computational Techniques and Applications: CTAC-87},
   editor = {Noye, J. and Fletcher, C.}, 
   address = {Amsterdam},
   publisher= {Elsevier Science Publishers}, 
   pages = {509--516},
   year = {1988}
} 

@ARTICLE{Torczon95patternsearch,
    author = {Virginia Torczon}, 
    title = {Pattern Search Methods for Nonlinear Optimization},
    journal = {SIAG/OPT Views and News},
    year = {1995},
    volume = {6},
    pages = {7--11}
}

@Article{ NelderMead65,
  author =       {J. A. Nelder and R. Mead},
  title =        {A Simplex Method for Function Minimization},
  journal =      {Computer Journal},
  volume =       {7},
  number =       {4},
  pages =        {308--313},
  month =        {January},
  year =         {1965}
}

@Article{Fox1978PORT,
  author =       "P. A. Fox and A. D. Hall and N. L. Schryer",
  title =        "The {PORT} Mathematical Subroutine Library",
  journal =      "ACM Transactions on Mathematical Software (TOMS)",
  volume =       "4",
  number =       "2",
  pages =        "104--126",
  month =        jun,
  year =         "1978"
}

@Article{Rosenbrock60,
   author = {Rosenbrock, H. H.},
   year   = {1960}, 
   title  = {An automatic method for finding the greatest or least value of a function},
   journal = {The Computer Journal},
   volume  = {3},
   pages   = {175–184}
}

@book{dixon1972nonlinear,
  title={Nonlinear optimisation},
  author={Dixon, L.C.W.},
  year={1972},
  publisher={Crane, Russak}
}

@article{Dai01,
  author    = {Y. H. Dai and Y. Yuan},
  title     = {An Efficient Hybrid Conjugate Gradient Method for Unconstrained
               Optimization},
  journal   = {Annals of Operations Research},
  volume    = {103},
  number    = {1-4},
  year      = {2001},
  pages     = {33-47},
  ee        = {http://dx.doi.org/10.1023/A:1012930416777},
  bibsource = {DBLP, http://dblp.uni-trier.de}
}

@ARTICLE{Birgin01spg,
    author = {Ernesto G. Birgin and Mart'inez Marcos Raydan},
    title = {SPG: Software for convex-constrained optimization},
    journal = {ACM Transactions on Mathematical Software},
    year = {2001},
    volume = {27},
    pages = {340--349}
}

@article{Eugster2011,
  author = {Manuel J. A. Eugster and Friedrich Leisch},
  title = {Exploratory Analysis of Benchmark Experiments -- An
                  Interactive Approach},
  journal = {Computational Statistics},
  year = {2011},
  volume = {26},
  number = {4},
  pages = {699--710},
  preprinturl = {http://epub.ub.uni-muenchen.de/10604/},
  doi = {10.1007/s00180-010-0227-z}
}

@article{Eugster2012,
  author = {Manuel J. A. Eugster and Torsten Hothorn and
                  Friedrich Leisch},
  title = {Domain-Based Benchmark Experiments: Exploratory and
                  Inferential Analysis},
  journal = {Austrian Journal of Statistics},
  year = 2012,
  volume = 41,
  number = 1,
  pages = {5--26},
  url = {http://www.stat.tugraz.at/AJS/ausg121/121Leisch.pdf}
}

@Manual{minpack.lm,
    title = {minpack.lm: R interface to the Levenberg-Marquardt nonlinear least-squares
algorithm found in MINPACK, plus support for bounds},
    author = {Katharine M. Mullen and Timur V. Elzhov and Ben Bolker},
    note = {R package version 1.1-6},
    year = 2012
}

@TechReport{ Nielsen2000,
    author       = "H. B. Nielsen",
    title        = "{UCMINF} - an Algorithm for Unconstrained, Nonlinear Optimization",
    year         = "2000",
    month        = "dec",
    pages        = "24",
    number       = "",
    series       = "",
    institution  = "{ Department of Mathematical Modelling, Technical University of Denmark.}",
    address      = "",
    type         = "",
    note         = {Report IMM-REP-2000-18},
    url          = {http://www2.imm.dtu.dk/~hbn/publ/TR0019.ps}
}
 
@Article{Hager2006,
  author =       {William W. Hager and Hongchao Zhang},
  title =        "{Algorithm 851}: {CG\_DESCENT}, a conjugate gradient
                 method with guaranteed descent",
  journal =      {ACM Transactions on Mathematical Software},
  volume =       "32",
  number =       "1",
  pages =        "113--137",
  month =        mar,
  year =         "2006",
  fjournal =     "ACM Transactions on Mathematical Software (TOMS)"
}

@book{Conn2009,
 author = {Conn, Andrew R. and Scheinberg, Katya and Vicente, Luis N.},
 title = {Introduction to Derivative-Free Optimization},
 year = {2009},
 isbn = {0898716683, 9780898716689},
 publisher = {Society for Industrial and Applied Mathematics},
 address = {Philadelphia, PA, USA},
} 

@article{Geradin71,
  author = {Geradin, M.},
  year = {1971},
  title = {The computational efficiency of a new minimization algorithm for eigenvalue analysis},
  journal = {J. Sound Vib.},
  volume = {19},
  pages = {319--331}
}


@article {Magnussen16,
author = {Magnusson, Arni and Bolker, Benjamin M. and Gardner, Beth and Maunder, Mark 
	and Berg, Casper W. and Brooks, Mollie and Comita, Liza 
	and Crone, Elizabeth and Cubaynes, Sarah and Davies, Trevor 
	and de Valpine, Perry and Ford, Jessica and Gimenez, Olivier 
	and Ke\'ry, Marc and Kim, Eun Jung and Lennert-Cody, Cleridy 
	and Martell, Steve and Nash, John 
	and Nielsen, Anders and Regetz, Jim and Skaug, Hans 
	and Zipkin, Elise},
title = {The relative performance of R, AD Model Builder, and 
          BUGS for fitting nonlinear models},
journal = {Methods in Ecology and Evolution},
volume = {},
number = {},
issn = {2041-210X},
pages = {},
year = {2016},
note = {Submitted early 2016  JNfile: 13-bolker-strategies.pdf}
}



@Book{jn2015RTF,
  Isbn = {0-88769-016-5},
  Language = { English },
  Pages = { vi, 496 p. },
  Publisher = {to be determined},
  Type = { Book },
  author = {Nash, John C.},
  title = {{Return to Flanders}},
  month = {January},
  year = { 2016 },
  note = {Part of the Thursday Afternoon series. 
	JNfile: none yet??}
}


%% YY2015

@Misc{Bartletdance2015,
  author  = {Nash, John C.},
  title = {{Bartlett Pairs -- an English dance}},
  year = {2015},
  month = {October},
  note = {A dance in the Playford style to a the tune Bartlett House, and 
          inspired by the figures in that dance, but with a simplified
	  structure for novice dancers. JNfile: BartlettPairs-JN2015.txt}
}

@Misc{fornoonedance2015,
  author  = {Nash, John C.},
  title = {{For No One -- an English dance}},
  year = {2015},
  month = {November},
  note = {A dance in the Playford style to a version of the McCartney/Lennon
          tune "For No One". JNfile: 2015ForNoOne-dance.txt}
}

@Misc{LPTdance2015,
  author  = {Nash, John C.},
  title = {{La Petite Fleur -- an English dance}},
  year = {2015},
  month = {February},
  note = {A dance in the Playford style to a version of the 
          tune "La Petite Fleur" by Jaige Trudel.
          JNfile: 2015LPTdance.txt}
}


@Misc{jnoclug150604,
  author  = {Nash, John C.},
  title = {{Latex to Epub \& more}},
  year = {2015},
  month = {June},
  url = {http://wiki.oclug.on.ca/lib/exe/fetch.php?media=wiki:presentations:2015:nash-oclug1506.odp},
  note = {Talk given to the Ottawa Canada Linux Users Group on the
	transformation of Latex sources to Epub books. 
	JNfile: nash-oclug1506.odp}
}

@Book{jn2015Rec,
  Isbn = {0-88769-015-7},
  Language = { English },
  Pages = { vi, 496 p. },
  Publisher = {to be determined},
  Type = { Book },
  author = {Nash, John C.},
  title = {{Recuperation. A novel}},
  month = {March},
  year = { 2015 },
  note = {Part of the Thursday Afternoon series. 
	JNfile: recuperation1506.epub}
}

@Book{jn2015ATP,
  Isbn = {0-88769-016-5},
  Language = { English },
  Pages = { vi, 496 p. },
  Publisher = {to be determined},
  Type = { Book },
  author = {Nash, John C.},
  title = {{Avoiding the Potholes. A novel}},
  month = {June},
  year = { 2015 },
  note = {Part of the Thursday Afternoon series. 
	JNfile: avoidingpotohles1506.epub}
}


%% YY2014


@article{NashJSSSpecial,
  author =	"John C. Nash",
  title =	"On Best Practice Optimization Methods in R",
  journal =	"Journal of Statistical Software",
  volume =	"60",
  number =	"2",
  pages =	"??--??",
  day =  	"28",
  month =	"9",
  year = 	"2014",
  CODEN =	"JSSOBK",
  ISSN = 	"1548-7660",
  bibdate =	"2014-08-05",
  URL =  	"http://www.jstatsoft.org/v60/i02",
  accepted =	"2014-08-05",
  acknowledgement = "",
  keywords =	"",
  note={JNfile: NashJSSSpecial14v60i02.pdf},
  submitted =	"2012-12-26"
}



@Book{nlpor14,
  Isbn = {978-1-118-56928-3},
  Language = { English },
  Pages = { 304 p. },
  Publisher = {John Wiley \& Sons: Chichester},
  Type = { Book },
  author = {Nash, John C.},
  title = {{Nonlinear Parameter Optimization Using R Tools}},
  month = {May},
  year = {2014},
  url = {http://www.wiley.com//legacy/wileychi/nash/},
  note = {Companion website (see http://www.wiley.com//legacy/wileychi/nash/).
   JNfile: 14nlpor.pdf}
}

@Misc{ OCLUG140501,
  author  = {Nash, John C.},
  title = {{Some anecdotes from document preparation}},
  year = {2014},
  month = {May},
  note = {Talk given to Ottawa Canada Linux Users Group in tag-team
	with Scott Murphy, May 1, 2014. JNfile: OCLUG140501.odp}
}

%% YY2013

@Misc{ DalzellInterview1310,
  author  = {Dalzell, Catherine and Nash, John C.},
  title = {{Optimization in R: A conversation with John Nash about optim and optimx}},
  year = {2013},
  month = {October},
  url = {http://www.ibm.com/developerworks/library/ba\-optimR\-john\-nash/index.html},
  note = {Interview published in IBM Developerworks series. 
	 JNfile: Interview\-Optimization\_in\_R.pdf}
}

@Misc{ OCLUG131003Remastersys,
  author  = {Nash, John C.},
  title = {{Creating a live iso with Remastersys}},
  year = {2013},
  month = {October},
  note = {Description of how a USB or CD based computer appliance can be
	built with the Remastersys remastering tools. 
	JNfile: Remastersys-oclug131003.pdf}
}

﻿@Misc{ quietpenguin,
  author  = {Nash, John C.},
  title = {{Quiet Penguin: an open design concept for discussion}},
  year = {2013},
  month = {June},
  note = {JNfile: 130630quietpenguin.pdf}
}

﻿@article {bolkernonlin13,
author = {Bolker, Benjamin M. and Gardner, Beth and Maunder, Mark 
	and Berg, Casper W. and Brooks, Mollie and Comita, Liza 
	and Crone, Elizabeth and Cubaynes, Sarah and Davies, Trevor 
	and de Valpine, Perry and Ford, Jessica and Gimenez, Olivier 
	and Ke\'ry, Marc and Kim, Eun Jung and Lennert-Cody, Cleridy 
	and Magnusson, Arni and Martell, Steve and Nash, John 
	and Nielsen, Anders and Regetz, Jim and Skaug, Hans 
	and Zipkin, Elise},
title = {Strategies for fitting nonlinear ecological models in R, AD Model Builder, and BUGS},
journal = {Methods in Ecology and Evolution},
volume = {4},
number = {6},
issn = {2041-210X},
pages = {501--512},
year = {2013},
note = {Report on special 2-session workshop at National Center for 
	Ecological Analysis and Synthesis, Santa Barbara, CA in 2012.
	JNfile: 13-bolker-strategies.pdf}
}

@Book{jn2013TA,
  Isbn = {0-88769-014-9},
  Language = { English },
  Pages = { viii, 397 p. },
  Publisher = {Nash Information Services Inc.: Ottawa},
  Type = { Book },
  author = {Nash, John C.},
  title = {{Thursday Afternoon. A novel}},
  month = {February},
  year = { 2013 },
  url = {https://archive.org/details/ThursdayAfternoon1410},
  note = {This is the 3rd edit of this work. JNfile: ta1410.epub. 
	PDF versions of 2nd edit TA130826.pdf. First edit Thuraft-book121125.pdf}
}

@article{ jncdss13,
  author  = {Nash, John C.},
  title = {{Growing the dance community via a wiki}},
  journal = {CDSS News},
  year = {2013},
  volume = {2013},
  number = {Spring 2013},
  month = {March},
  pages = {13},
  institution = {{Country Dance and Song Society, Easthampton, MA}},
  url = {http://www.cdss.org},
  note = {The wiki to which the article refers was set up at
	http://macnash.telfer.uottawa.ca/playford. 
	JNfile: cdss201301JN.pdf}
}

@Misc{ jndancehistorical130217,
  author  = {Nash, John C.},
  title = {{Some English Dances and their Historical Inspirations}},
  year = {2013},
  month = {February},
  note = {Talk given in Prescott, February 17, 2013. 
       JNfile: DanceHistorical130217.ppt}
}

@Misc{ OCLUGOPL130806,
  author  = {Nash, John C.},
  title = {{Borrowing from the OPL in Linux}},
  year = {2013},
  month = {August},
  note = {Talk given to Ottawa Canada Linux Users Group on the
	tools needed to borrow electronic items from the Ottawa
	Public Library, August 6, 2013. JNfile: OCLUG-OPLLinux130806.odp}
}


@Misc{ jnuopsych130311,
  authosvr  = {Nash, John C.},
  title = {{Open-Source Tools for Sensible Report Updates}},
  year = {2013},
  month = {March},
  note = {Talk given to Psychology Graduate Students Stats Club March 11, 2013. 
       JNfile: UOpsych130311.odp. See similar talks on 2012.}
}

@Misc{ jnoclug130307,
  author  = {Nash, John C.},
  title = {{Learning: Latex to Epub \& more}},
  year = {2013},
  month = {March},
  note = {Talk given to the Ottawa Canada Linux Users Group on the
	transformation of Latex sources to Epub books. 
	JNfile: nash-oclug130307.odp}
}

@Misc{ jnjena130523,
  author  = {Nash, John C.},
  title = {{Optimization and nonlinear parameter estimation tools:
	Illustrations with R}},
  year = {2013},
  month = {May},
  note = {Talk given to members of the Institute for Photonic Technology in 
	Jena, Germany, May 23, 2013. JNfile: jena130523.ppt}
}

@Misc{ NashTC2013,
  author  = {Nash, John C.},
  title = {{Reducing Uncertainty in Container Arrival Times:
An overview of fluidity measures}},
  year = {2013},
  month = {August},
  note = {Report written under contract to Directorate of Economic 
	Analysis and Research, Transport Canada. JNfile: Nash2013TC.pdf}
}

%% YY2012

@misc{ jn2ndbrowser2012,
  author = {John C. Nash},
  title  = {Setting up a more secure web browser for banking},
  year   = {2012},
  month = {Dec},
  note   = {This is a software note with instructions of a "how to" nature.
             JNfile: secondbroswer121210.txt}
}


@misc{ jnrvjr-2012,
  author = {Jo Reynaerts and Ravi Varadhan and John C. Nash},
  title  = {Enhancing the Convergence Properties of the BLP
            (1995) Contraction Mapping},
  year   = {2012},
  note   = {Updated version of User!2010 submission.
             JNfile: ReynaertsVaradhanNash-discussion-paper-35.pdf, 
             KUL-Vives-Discussion\_Paper\_35.pdf}, 
  month  = {August}
}


@article{ jnsign12,
  author  = {Nash, John C.},
  title = {{Letter: Weigh less in tonnes?}},
  journal = {Significance},
  year = {2012},
  volume = {9},
  number = {6},
  month = {December},
  pages = {45},
  institution = {{Royal Statistical Society}},
  note = {JNfile: Significance-Dec12JNletter.pdf}
}

@TechReport{    nash2012opcug,
  institution  = {Ottawa PC Users Group},
  author  = {Nash, John C.},
  title    = {Sensible Report Updates},
  series  = {OPCUG Newsletter},
  number  = {2012.09},
  note    = {\url{http://www.opcug.ca/public/Articles/ReportUpdates.pdf}. JNfile: ReportUpdates.pdf. There
	was an accomanying talk referenced nearby that was presented several times.},
  year    = {2012},
  pages   = {1, 6},
  month   = {September}
}

@Misc{ jnopcug120912,
  author  = {Nash, John C.},
  title = {{Easy Report Updates:
	Producing reports with calculations, tables and graphs
	that automatically update}},
  year = {2012},
  month = {September},
  note = {JNfile: OPCUG120912.ppt, with support files in Nash20120912.zip}
}

@Misc{ jntelfer121123,
  author  = {Nash, John C.},
  title = {{Open-Source Tools for Sensible Report Updates}},
  year = {2012},
  month = {November},
  note = {JNfile: Telfer121123.ppt, with support files in Nash20120912.zip}
}


@Misc{ jnmisa1210229,
  author  = {Nash, John C.},
  title = {{Scientific Collaboration that Creates Software: The NCEAS Nonlinear Modeling Working Group}},
  year = {2012},
  month = {October},
  note = {Talk to Management Information Systems Students Association, JNfile: MISA121029.ppt}
}


@Manual{ jnnlmrt12,
    title = {nlmrt: Functions for nonlinear least squares solutions},
    author = {John C. Nash},
    year = {2012},
    month = {August},
    note = {R package version 2012-8.12, \url{http://CRAN.R-project.org/package=nlmrt}}
  }


@Misc{ RQtimes12,
  author  = {Nash, John C.},
  title = {{Timing Rayleigh Quotient minimization in R}},
  year = {2012},
  month = {July},
  note = {This is a `tip' on http://rwiki.sciviews.org/doku.php?id=tips:rqcasestudy. The
         files related to this study are 
         \url{http://macnash.telfer.uottawa.ca/~nashjc/RQtimes.pdf}
         and \url{http://macnash.telfer.uottawa.ca/~nashjc/RQtimes.Rnw}}
}

@Misc{ jnASU120120,
  author  = {Nash, John C.},
  title = {{How should we provide optimization tools to (possibly 
	unsophisticated) users? Ideas and questions based on some 
	developments in R}},
  year = {2012},
  month = {January},
  note = {Talk given to the Mathematics Department of Arizona
	State University, January 20, 2012. JNfile: asu120120.ppt}
}

@Misc{ jn120529Leuven,
  author  = {Nash, John C.},
  title = {{Optimization and nonlinear parameter estimation with R}},
  year = {2012},
  month = {May},
  note = {Presented to the Faculty of Business \& Economics, KU-Leuven. JNfile: leuven120529.ppt}
}

@Misc{ jn120801lehigh,
  author  = {Nash, John C.},
  title = {{Optimization and nonlinear parameter estimation with R}},
  year = {2012},
  month = {August},
  note = {Presented at the MOPTA 2012 Conference, Lehigh University. While this has the same 
          title as the Leuven talk in May, the treatment was very different. JNfile: mopta120731.pdf}
}

@Misc{ jngnm12,
  author  = {Nash, John C. and Newton, Glen},
  title = {{Workshop programming: user-developed software through scientific problem solving}},
  year = {2012},
  note = {JNfile: 2012jngnmworkshopsw.pdf}
}


@TechReport{ jn2012optmeth,
  author  = {Nash, John C.},
  title = {An overview of optimization methods for non-specialists},
  year = {2012},
  month = {Oct},
  institution = {Telfer School of Management, University of Ottawa},
  note = {JNfile: 2012optimizationMethods.pdf}
}


%% YY2011

@Misc{  jn111106edison,
  author  = {Nash, John C.},
  title = {{The Edison Approach: Science helps the office}},
  year = {2011},
  month = {November},
  note = {Talk given to the October 2011 meeting of the Ottawa Canada
	Linux Users Group. JNfile: 2011oclug111006.ppt}
}

@TechReport{    nash2011autocv,
  institution  = {University of Ottawa, Telfer School of Management},
  author  = {Nash, John C.},
  title    = {Automating the Preparation of Curriculum Vitae Documents},
  series  = {Telfer School of Management Working Papers},
  number  = {WP.2011.07},
  note    = {JNfile: Nash-WP2011-07.pdf},
  year    = {2011},
  pages   = {1--20},
  month   = {October}
}

@article{ RJournal2011jncb,
  author = {Claudia Beleites and John C. Nash},
  title = {{R's participation in the Google Summer of Code 2011}},
  journal = {The R Journal},
  year = {2011},
  volume = {3},
  number = {2},
  pages = {64--67},
  month = {December},
  referee = {no},
  url = {http://journal.r-project.org/archive/2011-2/RJournal-2011-2.pdf},
  note = {JNfile: 2011-RJournal-2011-2.pdf}
}


@Misc{ jn2011GIMPbook,
    title = {Review of {Klaus Goelker}: {GIMP 2.6 for Photographers: Image 
      editing with open source software.}},
    author = {John C. Nash},
    url = {http://devel.oclug.on.ca/wiki/BookReviews},
    year = {2011},
    pages = {1},
    note  = {JNfile: 2011-Goelker-GIMP-review.odt, 2011-Goelker-GIMP-review.pdf}
}

@inproceedings{ jn2011UserNCEAS,
    title = {An effort to improve nonlinear modeling practice},
    booktitle = {{UseR!2011 Schedule, Thursday 18th August}},
    author = {John C. Nash},
    note = {Presentation at UseR! 2011, University of Warwick, UK, August 18, 2011, 1 page abstract, 23 slides.
             JNfile: UseR2011-Nash-nonlinear-NCEAS.pdf},
    url = {http://www.warwick.ac.uk/statsdept/useR-2011/abstracts/140311-nashjohnc.pdf},
    year = {2011}
}

@inproceedings{ jn2011UserOpt,
    title = {Developments in optimization tools for R},
    booktitle = {UseR!2011 Schedule, Lightning Talks},
    author = {John C. Nash},
    note = {Lightning talk at UseR! 2011, University of Warwick, UK, August 16, 2011, 1 page abstract, 15 slides.
            JNfile: user2011-Nash-optimization.odp, user2011-Nash-optimization.pdf},
    url = {http://www.warwick.ac.uk/statsdept/user-2011/schedule/LIGHTNING.HTML},
    year = {2011}
}

@Misc{ jn2011UserGSoC,
    title = {R's Participation in the {Google Summer of Code} 2011},
    author = {Claudia Beleites and John C. Nash},
    booktitle = {UseR!2011 Schedule, Wednesday 17th August},
    url = {http://www.warwick.ac.uk/statsdept/useR-2011/abstracts/010411-beleitesclaudia-gsoc.pdf},
    month={August},
    year = {2011},
    note = {Presentation at UseR! 2011, University of Warwick, UK, August 17, 2011. 
            John C. Nash was session Chair also. 1 page abstract, 11 slides.
            JNfile: 010411-beleitesclaudia-gsoc.pdf, 
            2011-UseR-abstract-booklet.pdf, UseR2011-GSoCAdmins-presentation.pdf}
}

@Manual{jn2011rootoned-rforge,
    title = {rootoned: Roots of one-dimensional functions},
    author = {John C. Nash},
    year = {2011},
    note = {R package version 2011-8.18/r504, JNfile: rootoned-2012-3.12.tar.gz},
    url = {http://R-Forge.R-project.org/projects/optimizer/}
}

@Misc{jn2011crunch,
    title = {CrunchBang Linux},
    author = {John C. Nash},
    note = {Presented at August 2, 2011, meeting of the Ottawa Canada Linux Users
            Group. JNfile: crunchbang110802.odp},
    url = {http://devel.oclug.on.ca/wiki/MeetingPresentations2011},
    year = {2011},
    month = {August}
}

@Manual{jn2011bmchk,
    title = {{bmchk: Check bounds and masks for bounds-constraints used in nonlinear 
              optimization.}},
    author = {John C. Nash},
    year = {2011},
    note = {R package version 2011.06-26/r475. Now subsumed in packages optextras, optplus.},
    url = {http://R-Forge.R-project.org/projects/optimizer/}
  }

@Manual{jn2011Rvmminx,
    title = {Rvmminx: Variable metric nonlinear function minimization with bounds constraints},
    author = {John C. Nash},
    year = {2011},
    note = {R package version 2011-7.6/r440, JNfile: Rvmminx-2011-5.10.tar.gz},
    url = {http://R-Forge.R-project.org/projects/optimizer/}
  }

@Manual{jn2011kktc,
    title = {{kktc: Test the Kuhn Karush Tucker conditions for a proposed function minimum}},
    author = {John C. Nash and Ravi Varadhan},
    year = {2011},
    note = {R package version 2011-7.6/r441. Now subsumed in packages optextras, optplus.},
    url = {http://R-Forge.R-project.org/projects/optimizer/},
  }

@Manual{jn2011useroptfn,
    title = {{useroptfn: A set of functions to wrap user objective, gradient and hessian functions}},
    author = {John C. Nash},
    year = {2011},
    note = {R package version 2011-8.07/r502.  Now subsumed in packages optextras, optplus.},
    url = {http://R-Forge.R-project.org/projects/optimizer/},
  }

@article{jnrv2011JSSOBKv43i09,
  author =  "John C. Nash and Ravi Varadhan",
  title =  "Unifying Optimization Algorithms to Aid Software System Users: optimx for {R}",
  journal =  "Journal of Statistical Software",
  volume =  "43",
  number =  "9",
  pages = {1--14},
  day =    "24",
  month =  "8",
  year =   "2011",
  CODEN =  "JSSOBK",
  ISSN =   "1548-7660",
  bibdate =  "2011-08-05",
  URL =    "http://www.jstatsoft.org/v43/i09",
  accepted =  "2011-08-05",
  acknowledgement = "",
  keywords =  "",
  submitted =  "2010-08-12",
  note = {JNfile: JSS-v43i09.pdf}
}

%% YY2010

@Book{jn2010hn,
  Isbn = {0-88769-013-0},
  Language = { English },
  Pages = { vi, 307 p. },
  Publisher = {Nash Information Services Inc. : Ottawa},
  Type = { Book },
  author = {Nash, John C.},
  title = {{Across an Ocean and Time: The World as Seen by Harry Nash}},
  month = {December},
  year = { 2010 },
  note = {JNfile: 2010-HNbook4JNself.pdf}
}
%% ?? put in url to archive.org

@Article{  jn2010427,
  doi    = {DOI: 10.1016/j.futures.2009.11.027},
  issn    = {0016-3287},
  note    = {Special Issue: Learning the Future Faster. JNfile: 2010-JFTR1460.pdf},
  url    = {http://www.sciencedirect.com/science/article/pii/S0016328709002018},
  author  = {Nash, John C.},
  title    = {Directions for open source software over the next decade},
  journal  = {Futures},
  volume  = {42},
  number  = {4},
  pages    = {427-433},
  year    = {2010}
}


@inproceedings{ panel-user10,
  author = {Porzak, Jim and Conway, Drew and Pafka, Szilard and Nash, John},
  title  = {Panel on Starting and Building a Local {R} User Group},
  year   = {2010},
  booktitle = {UseR!2010 Program},
  note   = {Presented at UseR!2010, Gaithersburg, Maryland, USA. 1 page abstract for 1 hour panel.
            JNfile: 2010-Abstracts.pdf, useR--2010-Panel-Jim-Drew-Szilard-John.pdf}, 
  page   = {76},
  url    = {http://user2010.org/abstracts/-Abstracts.pdf},
  url    = {http://user2010.org/abstracts/Jim+Drew+Szilard+John.pdf},
  month  = {July}
}

@Misc{ jntut-UseR2010,
url = {http://user2010.org/program2010.pdf},
author = {Nash, John C.},
title  = {Optimization and related nonlinear modelling computations in {R} (a 3-hour tutorial)},
year   = {2010},
month  = {July},
note  = {2 page abstract, web site with materials and slides. 
         JNfile: 2010-useR2010Nashtutorial.pdf, 2010-useR--2010--Tutorials.pdf,
         useR--2010--Optimization-and-related-nonlinear-modelling-computa.pdf}
}

@Misc{ PCDialog2010,
author = {Nash, John C.},
title  = {Useful dialog about personal computing},
year   = {2010},
month  = {Nov},
note  = {Discussion paper. JNfile: PersonalComputerDialog101121.pdf}
}

@Misc{ DrJamison2010,
author = {Nash, John C.},
title  = {{Dr. Jamison's Asymptote, version 3}},
year   = {2010},
note  = {Choreography for a dance in the Playford style to the tune
	Fuego by Dr. Robert Jamison of Clemson University. There were
	developmental versions of this dance in 2008 and 2009.
	JNfile: 2010DrJamisonsAsymptote3.txt }
}


@inproceedings{ jnrvjr-user10,
  author = {Jo Reynaerts and Ravi Varadhan and John C. Nash},
  title  = {The Convergence Properties of the {BLP} (1995)
            Contraction Mapping and Alternative Algorithms in {R}},
  booktitle = {UseR!2010 Program},
  year   = {2010},
  note   = {Presented at UseR!2010, Gaithersburg, Maryland, USA; 
             1 page abstract for 20 minute presentation.
             JNfile: 2010-User2010-Reynaerts-Varadhan-Nash.pdf,
             2010-jrrvjn-useR2010-abstract100301.pdf}, 
  page   = {128},
  url    = {http://user2010.org/abstracts/-Abstracts.pdf},
  url    = {http://user2010.org/abstracts/Reynaerts+Varadhan+Nash.pdf},
  month  = {July}
}

@Misc{ jn100907r,
  author  = {Nash, John C.},
  title   = {{R} -- an overview},
  year    = {2010},
  note    = {Ottawa Canada Linux Users Group presentation. JNfile: 2010-OCLUG-R-100907.odp, 2010-OCLUG-R-100907.pdf},
  url     = {http://devel.oclug.on.ca/wiki/MeetingPresentations2010}
}

%% YY2009

@Manual{jn2011Rcgmin,
    title = {{Rcgmin: Conjugate} gradient minimization of nonlinear functions with box     constraints},
    author = {John C. Nash},
    year = {2009},
    note = {R package version 2011-7.5/r440.  
       on the Comprehensive R Archive Network at
       \url{http://cran.r-project.org/web/packages/Rcgmin/index.html},
       There is also a developmental version on R-Forge at
    \url{http://R-Forge.R-project.org/projects/optimizer/}. Note that the package was 
    extensively revised in 2012.}
  }

@Manual{jn2009Rvmmin,
    title = {{Rvmmin: Variable} metric nonlinear function minimization with bounds constraints},
    author = {John C. Nash},
    year = {2009},
    note = {R package version 2011-7.6/r440.  
on the Comprehensive R Archive Network at
       \url{http://cran.r-project.org/web/packages/Rvmmin/index.html},
       There is also a developmental version on R-Forge at
    \url{http://R-Forge.R-project.org/projects/optimizer/}. Note that the package was 
    extensively revised in 2012.}
  }

@Manual{dbkmjnrf2009minqa,
    title = {{minqa: Derivative-free} optimization algorithms by quadratic approximation},
    author = {Douglas Bates and Katharine M. Mullen and John C. Nash and Ravi Varadhan},
    year = {2009},
    note = {R package version 1.1.17 in 2011 as there have been several updates to this package.},
    url = { http://cran.r-project.org/web/packages/minqa/index.html}
  }

@Manual{jn2009optimx-rforge,
    title = {{optimx: A} replacement and extension of the optim() function},
    author = {John C. Nash and Ravi Varadhan},
    year = {2009},
    note = {R package version 2011-7.28/r502 due to many updates. The package
            optplus on R-forge has the developmental version of this package.},
    url = {http://R-Forge.R-project.org/projects/optimizer/},
}


@Misc{ nash2009foto, 
	author = {Nash, John C.},
	title =  {Photo Captioning}, 
	note = {Presented at Ottawa Canada Linux Users Group, 2009-11-05,
              JNfile: 2009-Photo-captioning-oclug-jn091105.ppt},
        url = {http://devel.oclug.on.ca/attachment/wiki/MeetingPresentations/oclug-jn091105.ppt},
	year = {2009}
}

@inproceedings{   jnrv2009user,
author = {Nash, John C. and Varadhan, Ravi},
title = {Updating \& improving optim():
         Unifying optimization algorithms in {R} for smooth, nonlinear problems},
booktitle = {UseR!2009 Program},
note = {UseR! 2009, AgroCampus Ouest, Rennes, France, July 10, 2009, 1 page abstract, 31 slides.
        JNfile: 2009User-Nash-Varadhan.pdf, 2009UseR-Nash-Varadhan slides.pdf},
url  = {http://www.r-project.org/conferences/useR-2009/abstracts/book-of-abstracts.pdf},
year = {2009}
}

@InProceedings{    nashwill2009,
  month    = {},
  author  = {John C. Nash and Robert Williams},
  title    = {Computer-Based Assessment:
		From Objective Tests to Automated Essay Grading.
		Now for Automated Essay Writing?},
  booktitle  = {Information Systems: Modeling, Development, and Integration
         	Third International United Information Systems Conference, UNISCON 2009, 
		Sydney, Australia, April 21-24, 2009, Proceedings
		Series: Lecture Notes in Business Information Processing, Vol. 20},
  pages    = {214-221},
  publisher  = {Springer 2009, ISBN 978-3-642-01111-5},
  note    = {Yang, J.; Ginige, A.; Mayr, H.C.; Kutsche, R.-D. (Eds.), 
             JNfile: 2009-UNISCON-2009-Automated-Essay-Writing.pdf},
  year    = {2009}
}

@Manual{jn2009funcheck,
    title = {funcheck: Run tests, where possible, on named optimization problem file},
    author = {John C. Nash},
    year = {2009},
    note = {R package version 0.4/r201. Now subsumed in other packages.},
    url = {http://R-Forge.R-project.org/projects/optimizer/},
}

@Manual{jn2009NISTopt,
    title = {NISTopt: Nonlinear least squares examples from NIST in 
              form of functions for optim() and optimx()},
    author = {John C. Nash},
    year = {2009},
    note = {R package version 0.5/r236. 
             NISTnls nonlinear least squares R port by Douglas Bates. 
             Original from National Institutes for Standards and Technology, 
              {http://www.itl.nist.gov/div898/strd/nls/nls\-main.shtml}},
    url = {http://R-Forge.R-project.org/projects/optimizer/}
}


@Article{jnaasn2009osbr,
  month    = {July},
  note    = {A more complete version of the article is available as
      http://www.sce.carleton.ca/faculty/adler/publications/2006/adler-nash-noel-2006-collaborative-editing.pdf.
           JNfile: 2009-osbr2009-907-996-1-PB.pdf},
  url    = {http://www.osbr.ca/ojs/index.php/osbr/article/download/907/876},
  author  = {Andy Adler, John C. Nash and No{\"{e}}l, Sylvie},
  title    = {Collaborative Work Using Single User Applications},
  journal  = {Open Source Business Resource},
  pages    = {44--51},
  volume  = {2009 July - Collaboration},
  year    = {2009}
}

@TechReport{    nash2009flbi,
  month    = {March},
  institution  = {Treasury Board Secretariat, Government of Canada},
  author  = {Nash, John C. and Nash, Mary M.},
  title    = {Free/Libre Tools for Business Intelligence:
		{A} review directed to government-wide needs},
  note    = {38 pages. {This document is licensed under the GNU Free Documentation License.
            It was prepared under contract 6013374 - DC/FC: 0560/200802 for Treasury Board
            Secretariat, Government of Canada.}. JNfile: 2009-flbi-nis.pdf},
  year    = {2009}
}

@Misc{    nash2009rfi,
  month    = {February},
  author  = {John C. Nash and Elizabeth J. Lovchik and Colan Schwartz and Charles MacDonald
		and Soo Hoe Nah and Michael Richardson},
  institution  = {Public Works and Government Services Canada},
  title    = {{Submission for PWGSC Request for Information PW-\$\$EE-015-18733}},
  note    = {This response to the RFI was prepared by multiple authors separated by thousands of 
             kilometers using a wiki hosted by John Nash using Dokuwiki software as an 
             approach to collaborative document preparation. JNfile: 2009RFI-finalPW-EE-015-18733.pdf},
  url     = {http://macnash.telfer.uottawa.ca/rfi-EE01518733/doku.php},
  year    = {2009}
}

@Misc{    nash2009pubconsult,
  month    = {March},
  author  = {John C. Nash},
  institution  = {Telfer School of Management, University of Ottawa},
  title    = {{Public or Group Consultation Software Tools}},
  note    = {JNfile: 200903publicconsultsw.pdf},
  year    = {2009}
}

%% YY2008

@Misc{    nash2008dups,
  month    = {August},
  author  = {John C. Nash},
  title    = {	Purging duplicate files: cleaning full directory trees},
  note     = {Ottawa, August 5, 2008, Ottawa Canada Linux Users Group. JNfile: 2008oclug0808.ppt},
  year    = {2008}
}

@Misc{    nash2008dosb,
  month    = {October},
  author  = {John C. Nash},
  title    = {{DOSBOX: How I use it}},
  note     = {Ottawa, October 7, 2008, Ottawa Canada Linux Users Group, JNfile: 2008DOSBOX-oclug081007.ppt},
  year    = {2008}
}

@Misc{    nash2008user,
  month    = {November},
  author  = {John C. Nash and Paul Gilbert},
  title    = {An appreciation of the UseR meeting in {Dortmund}},
  note     = {Ottawa, November 10, 2008, Ottawa Gatineau R User Group. JNfile: 2008R-rising081110.pdf},
  year    = {2008}
}


@Misc{    nash2008gwg,
  month    = {November},
  author  = {John C. Nash and Bob Williams},
  title    = {{GhostWriter Gatherer} - the start of automatic essay writing},
  note     = {Richmond Hill, Ontario, November 14, 2008, 
		{Educational Computing Organization of Ontario Conference}.
                JNfile: 2008GW-ECOO.ppt},
  year    = {2008}
}

@Misc{    nash2008sso,
  month    = {Novemeber},
  author  = {John C. Nash},
  title    = {{Did I really retire? How R, Gnumeric and related projects will keep me busy}},
  note     = {Ottawa, November 21, 2008, Statistical Society of Ottawa,
              JNfile: 2008SSO081121.ppt},
  year    = {2008}
}


@Misc{    nash2008china,
  month    = {November},
  author  = {John C. Nash},
  title    = {Open Source and Business Insight},
  note     = {	Ottawa, November 24, 2008,
		Telfer School of Management, to visiting China delegation,
                JNfile: 2008ChinaDeleg081124.ppt},
  year    = {2008}
}

@Misc{    nash2008fcst,
  month    = {November},
  author  = {John C. Nash},
  title    = {A crude but effective approach to short term retail forecasting},
  note     = {Ottawa, November 28, 2008, Telfer School of Management, ADM 4307 invited lecture.
              JNfile: 2008Rfcst081128.ppt},
  year    = {2008}
}

@Article{    nash2008ssc,
  month    = {November},
  url    = {http://www.ssc.ca/documents/pubs/LiaisonV22N4.pdf},
  author  = {Nash, John C.},
  title    = {Statistical Metho
el},
  journal  = {SSC Liaison},
  volume  = {22},
  number  = {4},
  pages    = {30},
  note    = {JNfile: 2008LiaisonV22N4.pdf},
  referee = {no},
  year    = {2008}
}

@article{Nash2008csda,
 author = {Nash, John C.},
 title = {Teaching statistics with Excel 2007 and other spreadsheets},
 journal = {Comput. Stat. Data Anal.},
 volume = {52},
 issue = {10},
 month = {June},
 year = {2008},
 issn = {0167-9473},
 pages = {4602--4606},
 numpages = {5},
 url = {http://dl.acm.org/citation.cfm?id=1377056.1377406},
 doi = {10.1016/j.csda.2008.03.008},
 acmid = {1377406},
 note = {JNfile: 2008-CSDA-JN-08061814322528773.pdf},
 publisher = {Elsevier Science Publishers B. V.},
 address = {Amsterdam, The Netherlands, The Netherlands},
} 


@Misc{ NashR081022,
 author = {Nash, John C.},
 title = {R: an open source statistical computing system, or 
          {How} to avoid spending a fortune on quality statistical software},
 month = {October},
 year  = {2008},
 note  = {Workshop presented at the Telfer School of Management, University of Ottawa. 
          JNfile: 2008R-workshop-081022.pdf, 2008Poster-R-Workshop-22-10-2008.pdf} 
}

@Misc{ NashR080610,
 author = {Nash, John C.},
 title = {The {R} statistical computing system
            its uses, strengths and limitations},
 month = {June},
 year  = {2008},
 note  = {Seminar presented at Transport Canada. JNfile: 2008R4Transport080610.pdf} 
}

@Misc{ NashNUS080305, 
  author = {John C. Nash},
  title = {Dealing with spreadsheet addiction},
  year = {2008},
  note = {Invited seminar to the Statistics Department of the National University of Singapore, 
           March 5, 2008. JNfile: 2008NUS080305.ppt}
}

@Misc{ jn080207curtin,
 author = {Nash, John C.},
 title = {Words, pictures and numbers: a career perspective on improving processes},
 month = {February},
 year  = {2008},
 note  = {Seminar presented at School of Information Systems, Curtin University, Perth, Australia.
          JNfile: 2008curtin080207.ppt, (abstract only) Nash-WPN080123.doc} 
}

@Misc{ jn081020tilegraphs,
   author = {Nash, John C.},
   title  = {Big graphs tiled on multiple pages},
   month  = {October},
   year   = {2008},
   url    = {http://rwiki.sciviews.org/doku.php?id=tips:graphics-misc:tiled-graphs},
   note   = {Wiki entry and software. JNfile: 2008-tips-graphics-misc-tiled-graphs--R-Wiki-.pdf}
}

@Misc{ jntj080528etutor,
   author = {Nash, John C. and James, Trevor},
   title  = {eTutor: a web-based homework management system},
   month  = {May},
   year   = {2008},
   note   = {Poster for University of Ottawa Teaching Technology Expo, May 28, 2008. 
              JNfile: NashJames080528.pdf}
}


%% YY2007

@Misc{ 2007IORewards,
	author = {Nash, John C.},
	title = {Input/output reward mechanisms for multi-author creative projects},
	note ={Discussion paper. JNfile: 07IORewards4multiauthors.pdf},
	year = {2007}
}

@Misc{ 2007ConfidenceInterval,
	author = {Nash, John C.},
	title = {What is a confidence interval},
	note ={Discussion paper. October 5, 2007. JNfile: 2007ConfidenceInterval.pdf},
	year = {2007}
}



@Misc{ 2007quietpenguin,
	author = {Nash, John C.},
	title = {Quiet penguin: an open design concept for discussion},
	note ={Slides for "Lightning presentation" to promote discussion of a 
               reconfigurable and extensible computer.JNfile: quietpenguin2007.pdf},
	year = {2007}
}



@Misc{ jn2007ffcst,
	author = {Nash, John C.},
	title = {Nature and Level of Use of Open Source Software over the Next Decade},
	note ={Presented at 3rd University of Strathclyde Foresight Conference 
               16th to 18th August 2007. Later reworked for a special issue of 
               Futures. JNfile: 2007Open-Source-JC-Nash-Foresight-Conf-Pres.pdf},
	year = {2007},
        month = {August}
}

@TechReport{    nash2007open,
  institution  = {University of Ottawa, Telfer School of Management},
  author  = {Nash, John C. and Calof, Jonathan},
  title    = {Open Source Enterprise Models: Motivations, Mechanisms and
      Myths - A Discussion Paper},
  number  = {Working Paper 07-06},
  note    = {JNfile: 07WP06OSEnterpriseModels.pdf. This was originally intended for the ASAC 2007
       meeting to be held in Ottawa.},
  year    = {2007}
}

@Misc{ jn2007FSN,
  author  = {Nash, John C.},
  title = {Foresight Synergy Network Wiki},
  year = {2007},
  month = {June},
  note = {This entry reports the starting of the Foresight Synergy Network Wiki, a collection of
          material and announcements and proceedings of meetings for the Network.
          This wiki still functioni3ng as at July 2012.},
  url = {http://macnash.telfer.uottawa.ca/fsn}
}

@Misc{ jn2007playford,
  author  = {Nash, John C.},
  title = {Playford's Progeny},
  year = {2007},
  month = {September},
  note = {This bibliographic entry reports the starting of the Playford Wiki, 
          a collection of material -- now exceeding 500 dances -- providing 
          instructions and information about English Country Dance and American Contra Dance.
          The wiki was originally built on the MediaWiki platform, but was changed in late 2012
          to the Dokuwiki platform.},
  url = {http://macnash.telfer.uottawa.ca/playford}
}

@inproceedings{  jn2007iciam,
  author  = {Nash, John C.},
  title = {A forecast of open source and commercial futures for scientific
	software infrastructure},
  year = {2007},
  month = {July},
  booktitle = {ICIAM07 Program Book}, 
  url = {http://www.iciam07.ch/scientific-program/iciam07-programbook.pdf},
  note = {This presentation was part of Minisymposium 355 at the International Congress 
	on Industrial and Applied Mathematics entitled "An outlook on scientific 
        software libraries."  Organiser: Osni Marques (Lawrence Berkeley 
        National Laboratory, USA). 1 page abstract for 20 minute presentation.
        JNfile: 2007JN-iciam07.pdf}
}

@Misc{ jn070807oclug,
  author  = {Nash, John C.},
  title = {A forecast of open source and commercial futures for scientific
	software infrastructure},
  year = {2007},
  month = {July},
  note = {JNfile: 2007oclug070807.ppt. See also ICIAM 2007 contribution.}
}


@Misc{ jn070501oclug,
  author  = {Nash, John C.},
  title = {Carrying portable software and data on a USB flash drive},
  year = {2007},
  month = {May},
  note = {JNfile: usb-oclug-070501.pdf}
}

@Misc{ jn071123usblock,
  author  = {Nash, John C.},
  title = {{USBiquilock: A cross-platform software infrastructure to allow files 
            to be encrypted and decrypted on a USB Flash drive using only software 
            tools carried on the drive.}},
  year = {2007},
  month = {Nov},
  organization = {Telfer School of Management, University of Ottawa},
  note = {JNfile: usbiquilock071123.pdf}
}



@Misc{ jnASU070221,
  author  = {Nash, John C.},
  title = {Dealing with Spreadsheet Addiction},
  year = {2007},
  month = {February},
  note = {JNfile: 2007ASU070221.pdf. See also 051118GOSLING.ppt},
}

@Misc{ jnOnlinux07,
  author  = {Nash, John C.},
  title = {{Linux and FLOSS in 2020}},
  year = {2007},
  month = {October},
  note = {Invited presentation at the Ontario Linux Fest, Toronto, Ontario, 
          October 13, 2007. JNfile: 2007Onlinux07.ppt. 
          See also Strathclyde Foresight Conference presentation.}
}

%% 2007 ubuntu show and tell appears to be erroneous
%% rm dupes ??


%% YY2006


@misc{ nashfloppymount06,
  author = {John C. Nash},
  title  = {Floppy mount and unmount icons and commands},
  month   = {January},
  year   = {2006},
  note   = {2006-1-15 JNfile: 06FloppyMountIconsCmds.txt}
}


@inProceedings{ nash2006telework,
	author = {Nash, John C.},
	title = {Building post-secondary teaching support with modest
                 collaboration and workflow tools},
        booktitle = {{e-Networks in an Increasingly Volatile World. Proceedings
                    of the 11th International Conference on Telework}},
        editor = { A. Gaudes},
	note ={JNfile: nash2006telework.pdf},
	year = {2006},
        month = {August}
}

@Article{    aajnsn2006evalx,
  booktitle  = {Special Theme Papers from Special Editorial Board Members
      (contains Regular Papers)},
  citeulike-article-id={703461},
  citeulike-linkout-0={http://dx.doi.org/10.1016/j.intcom.2005.10.001},
  citeulike-linkout-1={http://www.sciencedirect.com/science/article/B6V0D-4HRMTXR-1/2/280c025762fd3d866d8ec17d1e9e6ad0},
  doi    = {10.1016/j.intcom.2005.10.001},
  keywords  = {collaboration, collaborative-writing, cscw, groupware},
  month    = {July},
  posted-at  = {2006-06-20 17:44:53},
  priority  = {0},
  url    = {http://dx.doi.org/10.1016/j.intcom.2005.10.001},
  author  = {Adler, Andy and Nash, John C. and No{\"{e}}l, Sylvie},
  title    = {Evaluating and implementing a collaborative office
      document system},
  journal  = {Interacting with Computers},
  volume  = {18},
  number  = {4},
  pages    = {665-682},
  note    = {JNfile: 2006adler-nash-noel-eval.pdf},
  year    = {2006}
}

@Article{    nashramsay2006,
  day    = {15},
  month    = {Jan},
  note    = {http://www.longwoods.com/content/17934  
              See also J. Bennet Waters and Steven G. Justus, "Health
              Visitors and Public Health: A U.S. Perspective", in the
              same issue of Healthcare Quarterly, 9(1) 2006.
              JNfile: 2006Viewpoint-Health-Visitors-and-Public-Health-and-Security-Lon.pdf,
              2006LR-vol3-no4.pdf, Also School of Mangement, University of Ottawa,
              Working Paper 04-53.},
  url    = {http://www.longwoods.com/content/17934},
  author  = {Nash, John C. and Ramsay, Tim},
  title    = {Viewpoint: Health Visitors and Public Health and Security},
  journal  = {Healthcare Quarterly},
  volume  = {9},
  number  = {1},
  year    = {2006}
}

@Article{    nash2006amstat,
  author  = {Nash, John C.},
  title    = {Spreadsheets in Statistical Practice - Another Look},
  journal  = {The American Statistician},
  volume  = {60},
  number  = {3},
  pages    = {287-289},
  note    = {JNfile: 2006-TAS60-3-nash.pdf},
  year    = {2006}
}


@TechReport{    nash2006managing,
  institution  = {School of Management, University of Ottawa},
  author  = {Nash, John C. and Nash, Mary M.},
  title    = {Managing complex, semi-structured, multimedia data -
      issues and illustrations},
  number  = {Working Paper 06-25},
  note    = {JNfile: 2006ddb060705.pdf},
  year    = {2006}
}


@misc{ nashetal2006CACMletter,
  author = {John C. Nash and
            Dru Lavigne and
            Russell McOrmond and
            Charles McDonald and
            Michael Richardson},
  title  = {A Single Vested Source Is Not Data},
  journal = {COMMUNICATIONS OF THE ACM},
  month   = {September},
  year   = {2006},
  volume  = {49}, 
  number = {9},
  pages  = {12},
  note   = {JNfile: 2006CACM-forum-Sept2006-p11-crawford.pdf}
}

@article{ nashSCWEnbis06,
  author = {Nash, John C.},
  title  = {Big decisions felled by imprecision},
  journal = {ENBIS Magazine},
  month   = {February},
  year   = {2006},
  pages  = {43-45},
  note   = {JNfile: 2006SCWfeb06Enbis.pdf}
}

@misc{ nash061109sso,
  author = {Nash, John C.},
  title  = {Found - \$150 million in new
            sales: a consequence of short
            term retail forecasting},
  organization = {Statistical Society of Ottawa},
  month = {November},
  year  = {2006},
  note  = {Lightning talk. JNfile: 2006SSO061109.pdf}
}

@misc{ drulavigne2006interview,
  author = {Lavigne, Dru},
  title  = {{Dealing with Spreadsheet Addiction: Interview of Prof. J C Nash}},
  url    = {http://it.toolbox.com/blogs/bsd-guru/dealing-with-spreadsheet-addiction-7623},
  note   = {JNfile: 2006Dealing-with-Spreadsheet-Addiction-Dru2006.pdf},
  year   = {2006}
}

@TechReport{nash06-27,
  institution  = {School of Management, University of Ottawa},
  author  = {Nash, John C. and Nash, Mary M.},
  title    = {Issues in finding and managing duplicate or equivalent files},
  number  = {Working Paper 06-27},
  note    = {JNfile: 06WP27Duplicates.pdf},
  year    = {2006}
}

@misc{ ubuntushowtell061118,
  author = {Nash, John C.},
  title  = {Ubuntu Linux: A show and tell information session},
  organization = {Telfer School of Management},
  month = {November},
  year  = {2006},
  note  = {Saturday morning information session for students, staff
	and professors. JNfile: ubuntushowandtell061118.ppt}
}

@misc{ 060526DPINashCalofBornfreund,
  author = {Nash, John C. and Calof, Jonathan and Bornfreund, Marcus},
  title  = {Open Source in the Public Sector},
  organization = {Data Processing Institute, Annual Conference},
  month = {May},
  year  = {2006},
  note  = {Invited talk. John Nash and Marcus Bornfreund were the 
	presenters. JNfile: 060526DPI-NashCalofBornfreundSlides.pdf, 06os-pubsector.ppt}
}

@misc{ natpostA17,
  author = {Nash, John C.},
  title  = {Abortion, causality and folk dancing},
  journal = {The National Post},
  month = {May},
  year  = {2006},
  page  = {A17}, 
  note  = {Letter to the editor pointing out the dangers of imputing causality from
	associations. JNfile: 061109natpostA17.pdf}
}

@misc{ 06ubxanflop,
  author = {Nash, John C.},
  title  = {Floppy mount and unmount icons and commands},
  month = {Jan},
  year  = {2006},
  page  = {A17}, 
  note  = {Documentation and scripts to mount and unmount floppy disks in
	Ubuntu Linux. JNfile: 06FloppyMountIconsCmds.txt, 06floppy-ubxanflop.tar.gz}
}

@misc{ 06jnseclinux,
  author = {Nash, John C.},
  title  = {Operate from {R/O} -- Does it exist?},
  month = {Mar},
  year  = {2006},
  note  = {Overview talk to Ottawa Canada Linux Users Group on the possibility of
	operating a computer entirely from read-only media. March 6, 2006.
	JNfile: 060306jnseclinux.ppt}
}

%% stmarysgirls66reunionsite -- material not in a form to show what was done.
%%  NOT added to CV

@misc{ 060427qualitative,
  author = {Nash, John C.},
  title  = {{Software for Qualitative Analysis:
		A quick overview of some useful materials}},
  month = {Apr},
  year  = {2006},
  note  = {A small website set up to provide extra materials after a 
	training course on a particular commercial package for qualitative 
	analysis. The site was provided to Telfer and other researchers to
	highlight the possibility of alternative software with different 
	capabilities or lower costs of operation. 
	JNfile: 060427qualitative-analysis-software.pdf}
}

@misc{ GLUG060926,
  author = {Nash, John C.},
  title  = {{Mettant un tableur à l'essai:
	un projet de Gnumeric}},
  month = {Sept},
  year  = {2006},
  note  = {Talk to Gatineau Linux Users Group on the processes and tools
	for testing spreadsheet operating software for their reliability
	in numerical computations. September 26, 2006.
	JNfile: GLUG060926.ppt}
}

%% YY2005

%% cito2005 proposal not included in publications

@Misc{  jn2005nov18SpreadsheetAddiction,
author = {Nash, John C.},
title = {GOSLING Ottawa Nov 18 keynote: Dealing with Spreadsheet Addiction},
year = {2005},
month = {November},
note = {Keynote talk to the {Getting Open-Source Logic INto Government (GOSLING}
	group. JNfile: 051118GOSLING.ppt}
}

@Misc{  jn2005nov01Gnumeric,
author = {Nash, John C.},
title = {Why Gnumeric should become the top spreadsheet program},
year = {2005},
month = {November},
note = {JNfile: 051101OCLUG.ppt}
}

@Misc{  jn2005nov11,
author = {Nash, John C.},
title = {Remembering People and Their Stories},
year = {2005},
month = {November},
note = {Multimedia presentation for Remembrance Day, 2005. JNfile: remembrance051111.tar.gz}
}


@InProceedings{  05-Nash-Calof-ICEG,
author = {Nash, John C. and Calof, Jonathan},
title = {Learning Experiences -- Open Source},
booktitle = {{Proceedings of the International Conference on e-Governement (CD-ROM)}},
editor = {Dan Remenyi},
pages = {69 -- 75},
year = {2005},
month = {October},
note = {Conference presentation at the International Conference on
	e-Government, Ottawa, Canada, 27-28 October, 2005. 
	JNfile: 05-Nash-Calof-ICEG.ppt, 05Nash-Calof-ICEGProceedings.pdf}
}

@Misc{  jn2005trigxls,
author = {Nash, John C.},
title = {trig.xls},
url = {http://projects.gnome.org/gnumeric/func-tests/trig.xls},
year = {2005},
note = {This spreadsheet runs a test of the trigonometric function approximations used in
    the spreadsheet processor that is executing the spreadsheet trig.xls.}
}

@TechReport{  calofnash2005l,
  month    = {March},
  note    = {76 pages. JNfile: 05-Calof-Nash-LearningExperiences-revised.pdf},
  institution  = {Public Works and Government Services Canada},
  author  = {Calof, Jonathan and Nash, John C.},
  title    = {Learning Experiences - Open Source},
  year    = {2005}
}

@InProceedings{ JNJG2005EuSprig,
  author = {Nash, John C.  and Goldberg, Jody},
  year = {2005},
  title = {Why, How and when Spreadsheet Tests Should be Used}, 
  booktitle = {Proceedings of the {EuSPrIG 2005 Conference: 
         Managing Spreadsheets in the light of Sarbanes-Oxley}},
  publisher = {EuSpRIG: Greenwich UK},
  editor = {David Ward}, 
  pages = {155-160},
  note    = {JNfile: eusprig2005.pdf, jnjgeusprig05c.ppt (slides)},
  month = {July}
}

%% YY2004

%%          sfan200409review
%%        04-CMA-managementNov.pdf
%%          swang04
%% acmqueue0405   
%%             osw04
%%   tt-041125.ppt
%% ?? 2004-challenges-in-collab.pdf


@Article{    adlernash2004,
  article  = {5},
  note    = {http://www.sie.bond.edu.au/articles/1.2/AdlerNash.pdf. Second url is
      http://epublications.bond.edu.au/ejsie/vol1/iss2/5.  JNfile: 2004-AdlerNash-sie.pdf},
  url    = {http://www.sie.bond.edu.au/articles/1.2/AdlerNash.pdf},
  author  = {Adler, Andy and Nash, John C.},
  title    = {Knowing what was done: uses of a spreadsheet log file},
  journal  = {Spreadsheets in Education (eJSiE)},
  volume  = {1},
  number  = {2},
  year    = {2004}
}

@InProceedings{ nashwang2004,
  month    = {May},
  author  = {John C. Nash and Sudan Wang},
  title    = {Using Web Technology to Extend or Customize Available
      Statistical Software},
  booktitle  = {2004 ASA Proceedings (CDROM version): 
           Papers presented at the Annual Meeting of the American
           Statistical Association Joint Statistical Meetings,
           Toronto, August 8-12, 2004.},
  pages    = {2543-2547},
  publisher  = {Alexandria VA: American Statistical Association},
  note    = {JNfile: Jsm2004-000059.pdf, 040811NashWang-slides.pdf.  Also University of Ottawa, 
              School of Management, Working Paper 03-24, 2003.},
  year    = {2004}
}

@InProceedings{    nash2004ttabl,
  booktitle  = {Proceedings of the 2004 Conference of the European
      Spreadsheet Risks Interest Group},
  editor  = {Cleary, Patrick and Ward, David},
  institution  = {EuSpRIG, London},
  month    = {July},
  author  = {Nash, John C. and Adler, Andy and Smith, Neil },
  title    = {{TellTable Spreadsheet Audit: from technical possibility to operating prototype}},
  pages    = {45-56},
  note    = {JNfile: 2004-nasheusprig040605.PDF},
  year    = {2004}
}

@Article{    nash2004r,
  url    = {http://www.mat.uc.pt/siagopt/vn15-1.pdf},
  author  = {Nash, John C.},
  title    = {R: a statistical tool},
  journal  = {SIAG-OPT News and Views},
  volume  = {15},
  number  = {1},
  pages    = {2-5},
  month   = {March},
  note    = {Written November 2002, but publication delayed by untimely death
	of Jos Sturm, the editor of SIAG Opt News and Views. 
	JNfile: 2004-siagoptvn15-1.pdf},
  year    = {2004}
}

@Misc{  04feb11etutor,
  month    = {Feb},
  author  = {Nash, John C.},
  title    = {{Tools and ideas to improve teaching processes}},
  note    = {Show and tell to present some of the ideas in the Etutor project.
		JNfile: uo040211.ppt},
  year    = {2004}
}

@Misc{  04challcollabedit,
  author  = {Adler, Andy and Nash, John C. and No{\"{e}}l, Sylvie },
  title    = {{Challenges in Collaborative Authoring Software}},
  note    = {This was submitted to Expanding the Boundaries of E-Collaboration, 
  A Special Issue of the Journal: IEEE Transactions on Professional Communication. 
  However, this issue does not seem to have been published, though the paper 
  is on several collections related to collaboration, for example,
   http://www.ufrgs.br/limc/escritacoletiva/pdf/challenges\_in\_collab.pdf. 
  JNfile: 2004-challenges-in-collab.pdf},
  year = {2004}
}



%% YY2003

@InProceedings{ NashCalofNash2003,
  booktitle  = {The E-Business Review, Volume 3},
  editor  = {John van Beveren},
  institution  = {International Academy of E-Business, Nacodoches TX},
  month    = {Jan},
  author  = {Nash, John C. and Calof, Jonathan and Nash, Mary},
  title    = {{Statistical Process Improvement, Open-source Software, 
      and E-commerce}},
  pages    = {125--128},
  note    = {Also School of Management, University of Ottawa, 
         Working Paper 03-22. JNfile: 03EbizReview-2JNpapers.pdf,
               03WP22NashCalofNash-SPI-Ecommerce.pdf},
  year    = {2003}
}


@InProceedings{ CalofNash2003,
  booktitle  = {The E-Business Review, Volume 3},
  editor  = {John van Beveren},
  institution  = {International Academy of E-Business, Nacodoches TX},
  month    = {Jan},
  author  = {Calof, Jonathan and Nash, John},
  title    = {{Towards a Theory of Internet Strategy Development: Applying the
       Stages Theory of Internationalization}},
  pages    = {18--21},
  note    = {Also School of Management, University of Ottawa, 
         Working Paper 03-26. JNfile: 03EbizReview-2JNpapers.pdf, 
              03WP26CalofNash-InternetStrategy.pdf},
  year    = {2003}
}


@Misc{  jnps030715,
  month    = {July},
  author  = {Nash, John C. and Suwalski, Patrick},
  title    = {Web Content Management Options: Open Source Software and
	Open Standards},
  note    = {Invited talk at the WCM (Web Content Management) conference,
	Ottawa, JNfile: 030715jnps.ppt},
  year    = {2003}
}

@Misc{  dcu030723,
  month    = {July},
  author  = {Nash, John C.},
  title    = {Tools and ideas to improve teaching processes},
  note    = {Talk at Dublin City University at invitation of 
	Barry Mullen, Dean of Teaching and Learning, 
	JNfile: dcu030723.ppt},
  year    = {2003}
}

@Misc{  dal031205,
  month    = {December},
  author  = {Nash, John C.},
  title    = {Words, pictures and numbers: tools for continuing improvement in
	 management},
  note    = {Talk to Dalhousie University Mathematics and Statistics
	Department, December 5, 2003 JNfile: dal031205.ppt},
  year    = {2003}
}

@Misc{  bozemantalk03,
  month    = {July},
  author  = {Nash, John C.},
  title    = {Weeds in the nonlinear garden II: Why there are still some
	difficulties in estimating and using nonlinear models},
  note    = {Talk to Maths Department of Montana State University, 
	Bozeman, Montana, May 2, 2003. JNfile: bozemantalk03.pdf},
  year    = {2003}
}

@Article{    jnteachoptions03,
  month    = {March},
  author  = {Nash, John C.},
  title    = {Collaborative fora tools for teachers and learners},
  journal  = {Teaching Options Pédagogiques},
  volume  = {6},
  number  = {3},
  pages    = {603-612},
  note    = {JNfile: 03teachoptions.pdf},
  year    = {2003}
}


@Article{    seadenetal03,
  month    = {September},
  author  = {George Seaden and Michael Guolla and Jerome Doutriaux and Nash,
      John C.},
  title    = {Strategic Decisions and Innovation in Construction Firms},
  journal  = {Construction Management and Economics},
  volume  = {21},
  number  = {6},
  pages    = {603-612},
  note    = {JNfile: 2003-Seaden3399283670339331234.pdf},
  year    = {2003}
}


@InProceedings{    nash2003audit,
  booktitle  = {Proceedings of the 2003 Conference of the European
      Spreadsheet Risks Interest Group},
  editor  = {Chadwick, David and Ward, David},
  institution  = {EuSpRIG, London},
  month    = {July},
  note    = {Also School of Management, University of Ottawa, Working
	Paper 03-23. JNfile: 2003-spreadsheetaudit0807.3168v1.pdf, 
	Slides -- JNfile: DUB030713.ppt},
  author  = {Nash, John C. and Smith, Neil and Adler, Andy},
  title    = {Audit and change analysis of spreadsheets},
  pages    = {81-90},
  year    = {2003}
}

@Article{    nash2003revieweveritt,
  author  = {Nash, John C.},
  title    = {Review of Everitt B, Rabe-Hesketh S (2001) Analyzing
      Medical Data using S-PLUS},
  journal  = {Journal of Statistics in Medicine},
  volume  = {13},
  number  = {5.},
  pages    = {410-411},
  note    = {JNfile: 03everittrevu.pdf},
  referee = {no},
  year    = {2003}
}


@Article{    nashjoe03,
  note    = {Also School of Management, University of Ottawa, Working
      Paper 03-25. JNfile: 2003joenash-statcomp.pdf},
  author  = {Joe, Harry and Nash, John C.},
  title    = {Numerical optimization and surface estimation with
      imprecise function evaluations},
  journal  = {Statistics and Computing},
  volume  = {13},
  pages    = {277-286},
  year    = {2003}
}

%% YY2002

%% 2002/02-007referee.zip -- refereeing paper
%% 2002/cme1705-0209.zip -- referees report -- extra
%% 2002/021116onlinelearningmeetingStittsville.pdf -- attended only
%% 2002/02elearn-program-a.pdf -- supporting docs for Montreal elearn
%% 2002/02elearn-program-b-incomplete.pdf -- supporting docs for Montreal elearn
%% 2002/02LiaisonForum-freesw.pdf -- poor copy -- killed
%% 2002/02EteachtalkandElearnconfpaperprogram.pdf
%% 2002/GROEBNER0201.zip -- this is a contract review of the Groebner statistics text
%% 2002/iaeb-melbourne-3916p.pdf - Jan 2003 item -- moved to 2003 extra
%% 2002/iaeb-melbourne-3934.pdf - Jan 2003 item -- moved to 2003 extra
%% 2002/mopta02.zip - background for MOPTA 
%% 2002/fuksa02.zip -- thesis examination material
%% 2002/wakley02.zip -- background for wakley02.pdf
%% 2002/csie02 -- background for Can. Student Ind Eng conference
%% 02-Etutorannounce.pdf -- s/w description 
%% 2002/ssclia02.zip -- background to free s/w Liason article
%% 2002/02R-stattool.pdf -- moved to 2004/extra-unpub. See SIAM Op.
%% 2002/20020215SSOconfannounce.pdf -- announcement of Regional Conf.


@Misc{ sso020215,
author = {Nash, John C.},
title = {Exploring choices for statistical computing and graphics:
         Open source and proprietary options},
year = {2002},
month = {Feb},
note = {Presentation to the February 15, 2002, Statistical Society of Ottawa
	Regional Conference, for which the author was host and moderator as well
        as one speaker. JNfile: sso020215jn.pdf}
}

@Misc{ 02quantile,
author = {Nash, John C.},
title = {Trouble in Q-land: Different approaches to computing percentiles and quantiles},
year = {2002},
month = {Oct},
note = {Draft discussion paper. Rob Hyndman of Monash University had, however, already
        progressed further and submitted a paper to American Statistician. 
        JNfile: 02oct23elearn.ppt}
}

@InProceedings{  Elearn02,
  month    = {October},
  booktitle = {E-Learn 2002 -- Proceedings of the World Conference on E-Learning in 
	Corporate, Government, Healthcare, \& Higher Education},
  editor = {Jerry D. Price, Jr.},
  publisher = {Association for the Advancement of Computing in Education (AACE): Norfolk VA}, 
  author  = {Nash, John C.},
  title    = {Discussion Paper: Putting the E to work in e-teaching},
  note = {Also University of Ottawa, Telfer School of Management 
	Working Paper 02-25, JNfile: 02WP25Elearn.pdf},
  year    = {2002}
}

@Misc{ 02oct23elearn,
author = {Nash, John C.},
title = {Slides: Putting the E to work in e-teaching},
year = {2002},
month = {Oct},
note = {Slides for Elearn 2002 conference presentation. JNfile: 02oct23elearn.ppt}
}


@Misc{ 020530Indcan,
author = {Calof, Jonathan and Nash, John C.},
title = {{Electronic Commerce: The role of Industry Canada}},
year = {2002},
month = {May},
note = {Slides for an Industry Canada course conducted at the Internet Institute May 30, 2002.
        JNfile: 020530CalofNash-Ecommerce.pdf}
}


@Misc{ 02nov20talk,
author = {Nash, John C.},
title = {Slides: Some computer tools to help cope with the double cohort},
year = {2002},
month = {Nov},
note = {Slides for a Lunch and Learn talk. JNfile: 02nov20.ppt}
}



@Misc{ 02etutor,
author = {Nash, John C. and Suwalski, Patrick and Svilans, Markus},
title = {e-tutor: open-source online course tools},
year = {2002},
url  = {http://etutor.sourceforge.net},
note = {Software used for homework management in the Telfer School. JNfile: 02-Etutorannounce.pdf}
}



@Misc{ 2002CSIEstudentconf,
author = {Nash, John C.},
title = {Forecasting: a tutorial with industrial engineering viewpoint \/
         La prévision: une conférence tutorielle d\'un point de vue du génie industriel.},
year = {2002},
note = {Invited (by Vinh Quan) talk to the Canadian Student Industrial Engineering
	Conference, Montreal, Jan 24-26, 2002. 
	JNfile: 2002CSIEstudentconf-ForecastingSlidesandprogram.pdf}
}

@Misc{ eurrep02JN,
author = {Nash, John C.},
title = {Report on academic visits in 2002 in the UK, Netherlands and Germany.},
year = {2002},
note = {JNfile: eurrep02JN.pdf}
}

@Misc{ sscfeb02,
author = {Nash, John C.},
title = {An overview and categorization of
	downloadable statistical software.},
year = {2002},
note = {President's introduction and talk for the Statistical Society of Ottawa
	Regional Conference, February 15, 2002.  JNfile: 02ssofeb15.zip}
}

@Article{    nash2002free,
  month    = {May},
  author  = {Nash, John C.},
  title    = {Free statistical software: Rejecting the hypothesis that
      you get what you pay for},
  journal  = {SSC Liaison},
  volume  = {16},
  number  = {2},
  pages    = {22-27},
  note    = {JNfile: 02-LiaisonV16N2.pdf},
  referee = {no},
  year    = {2002}
}

@Article{    nash2002total,
  month    = {May},
  author  = {Nash, John C.},
  title    = {Total Picture (letter to the Editor)},
  journal  = {Communications of the Association for Computing
      Machinery},
  volume  = {45},
  number  = {5},
  pages    = {12-13},
  note    = {JNfile: 02CACM-may-letter.pdf},
  year    = {2002}
}

@Misc{ nashwilkcd,
author = {Nash, John C.},
title = {An interview with Jim Wilkinson},
organization = {Philadelphia: Society for Industrial and Applied Mathematics},
year = { 2002},
note = {This is approximately 70 minutes of audio concerning the building of the 
	Pilot ACE computer at the National Physical Laboratory in the late 1940s
	with Alan Turing. Audio CD ROM, 67 minutes. JNfile: 2002jhw1.mp3, 
	2002jhw2.mp3, 2002jhw3.mp3}
}

@Misc{ wakley02,
author = {Nash, John C.},
title = {{The Receiving Line}},
year = { 2002},
note = {Essay submitted for the Wakley competion of The Lancet. JNfile: wakley02.pdf}
}

@Misc{ mopta02,
author = {Nash, John C.},
title = {Example problems that illustrate uncertainty in optimization results.},
year = {2002},
month = {August},
note = {Slides for presentation at the 2002 MOPTA (McMaster Optimization Theory and Applications)
	Conference, Hamilton, Aug 1-3, 2002. JNfile: 02Mopta-slides.pdf}
}


%% YY2001

@Misc{ indcan0112, 
  author = {Nash, John C. and Calof, Jonathan},
  title = {{Electronic Commerce: the role of Industry Canada}},
year = {2001},
month = {December},
note = {Slides for mini-course. JNfile: jnecom0112.ppt. This was one of 
	several similar presentations February, November, December 2000, 
	and January 2001.}
}

@Book{      jnmnpfm2001,
  isbn    = { },
  language  = { English },
  note    = { Previously {'}Forecasting at your fingertips{'}. A
      pre-publication version of this work was used by Prof. Tony
      Quon as the text for ADM 3307 in the Winter 1999 term and
      by J C Nash in Winter 2000 and Winter 2001 for ADM 3307 and
      ADM 6200/6201.  JNfile: pfm-fbk-all.pdf, pfm-fbk-cover.jpg},
  pages    = { },
  publisher  = {Arnold Publishers : London and Oxford University Press :
      New York },
  type    = { Book },
  author  = {Nash, John C. and Nash, Mary M.},
  title    = {Practical Forecasting for Managers },
  year    = { 2001 }
}


@Article{    nash2001accreditation,
  month    = {May},
  author  = {Nash, John C.},
  title    = {Accreditation and certification: a practical stepping
      stone},
  journal  = {SSC Liaison},
  volume  = {15},
  number  = {2},
  pages    = {24-26},
  note    = {JNfile: 01-LiaisonV15N2.pdf},
  referee = {no},
  year    = {2001}
}

@techreport{      nash2001application,
  month    = {April},
  institution  = {Treasury Board of Canada},
  author  = {Nash, John C.},
  title    = {Application of Future Technology to the Government Pay and
      Personnel Function},
  note  = {Originally submitted by Nash Information Services as contract report to Treasury 
           Board, 1981. Work was assisted by Rosemary Newcombe. JNfile: aft2gpps.pdf},
  url    = {http://macnash.telfer.uottawa.ca/files/AFT2GPPS.PDF},  
  year = {2001}
}


@Article{    nashgarrett01,
  url    = {http://www.amstat.org/publications/jse/v9n2/garrett.html},
  author  = {Garrett, Lorraine and Nash, John C.},
  title    = {Issues in teaching the comparison of variability to
      non-statistics students},
  journal  = {Journal of Statistics Education [online]},
  volume  = {9},
  number  = {2},
  note    = {http://www.amstat.org/publications/jse/v9n2/garrett.html. 
             JNfile: Journal-of-Statistics-Education--V9N2--Garrett-and-Nash.pdf.
	    Also earlier (1999) University of Ottawa, Faculty of Administration, 
	    Working Paper 99-06, JNfile: 99WP06NashGarrett.pdf},
  year    = {2001}
}

@unpublished{ jn2001bb,
  author  = {Nash, John C.},
    title = {Bars and Board: a napkin holder}, 
    year = {2001},
    note = {Industrial design. JNfile: barsandboard2001.pdf}
}


@misc{ 011005CitizenA15letter,
author = {Nash, John C.},
title = {Enlist the public's help in identifying security risks},
year = {2001},
month = {October},
note = {Letter to the editor of the Ottawa Citizen for October 5, 2001, page A15,
	 with photograph. JNfile: 011005CitizenA15letter.pdf},
journal = {Ottawa Citizen},
number = {October 5, 2001},
page = {A15}
}


@InProceedings{  01LoughboroughSeadenetal,
  booktitle  = {Perspectives on Innovation in Architecture, Engineering and Construction: 
	Proceedings of the 1st International Conference on Innovation in Architecture, Engineering and
	Construction, July 18-20, 2001, Loughborough University, Loughborough, UK},
  editor  = {Anumba, C.J. and Egbu, C. and Thorpe, A.},
  month    = {July},
  note    = {JNfile: 01LoughboroughSeadenetal.pdf},
  author  = {Seaden, George and Guolla, Michael and Doutriaux, Jerome and Nash, John},
  title    = {{Innovation in Canadian construction firms}},
  pages    = {273--283},
  year    = {2001}
}


@TechReport{  SeadenSurvey01,
  institution  = {University of Ottawa, Faculty of Administration},
  author  = {Seaden, George and Guolla, Michael and Doutriaux, Jerome and Nash, John},
  title    = {{Analysis of the Survey on Innovation, Advanced
	Technologies and Practices in the Construction and
	Related Industries, 1999}},
  year    = {2001},
  month = {Feb},
  note ={These are major reports (over 100 pages) based on a special survey.
	JNfile: 88F0017MIE01010.pdf, French translation: 88F0017MIF01010.pdf}
}

@Misc{ mopta01,
author = {Nash, John C.},
title = {Numerical optimization and surface estimation with imprecise function evaluations},
year = {2001},
month = {August},
note = {Slides for presentation at the 2001 MOPTA (McMaster Optimization Theory and Applications)
	Conference, Hamilton, Aug 2-4, 2001. JNfile: 01-MOPTAO1JoeNash-slides.pdf}
}


@TechReport{  01WP06GiniRatio,
  institution  = {University of Ottawa, Faculty of Administration},
  author  = {Nash, John C.},
  title    = {{Discussion Paper: The Gini ratio when income may be negative}},
  year    = {2001},
  month = {Feb},
  note ={Working Paper 01-06. JNfile: 01WP06GiniRatio.pdf}
}

%% 2001/extra-unpub:
%% MOPTA01-program.pdf
%% Nelson0112.zip, nash-nelson.pdf -- textbook review for Nelson
%% wilktape.zip - transcript of Wilkinson interview used for Byte


%% YY2000


%% /extra-unpub:
%% cuprev00a -- review for Cambridge University Press
%% hpc0003 -- high perf. computing committee work
%% ssc2k.zip -- minor organizing role in this conference (did I talk?)

@misc{ 000511CitizenA15letter,
author = {Nash, John C.},
title = {{Software vendors partly to blame for letting in ILOVEYOU virus}},
year = {2000},
month = {May},
note = {Letter to the editor of the Ottawa Citizen for May 11, 2001, page A15,
        JNfile: 000511CitizenA15letter.pdf},
journal = {Ottawa Citizen},
number = {May 11, 2000},
page = {A15}
}

@misc{ 001010CitizenD5letter,
author = {Nash, John C.},
title = {{Variety is best in controlling traffic}},
year = {2000},
month = {Oct},
note = {Letter to the editor of the Ottawa Citizen for Tuesday, Oct 10, 2000, page D5,
        JNfile: 001010CitizenD5letter.pdf},
journal = {Ottawa Citizen},
number = {Oct 10, 2000},
page = {D5}
}


@misc{ 000205Citizen-A17letter,
author = {Nash, John C.},
title = {{Makes me suspicious}},
year = {2000},
month = {Feb},
note = {Letter to the editor of the Ottawa Citizen for Feb 5, 2000, page A17,
        JNfile: 000205Citizen-A17letter.pdf},
journal = {Ottawa Citizen},
number = {Feb 5, 2000},
page = {A17}
}


@unpublished{ jn2000scharm,
  author  = {Nash, John C.},
    title = {Snake Charmer: a tool to contain and spin a large diameter and long 
              length drain cleaning steel spiral snake}, 
    year = {2000},
    note = {Industrial design. No drawing or picture extant.}
}

@InProceedings{    nash2000iciam,
  booktitle  = {ICIAM 99: Proceedings of the Fourth International Congress
      on Industrial and Applied Mathematics, Oxford: OUP},
  editor  = {Ball, J. M. and Hunt, J. C. R.},
  month    = {July},
  note    = {Abstract of a mini-symposium organized and chaired by the author 
	at ICIAM 99, Edinburgh, 5-9 July 1999. JNfile: iciam99proc.pdf},
  author  = {Nash, John C.},
  title    = {Minisymposium 029: Several faces of forecasting},
  pages    = {287},
  year    = {2000}
}

@Article{    nash2000toptenDantzig,
  acmid    = {615762},
  address  = {Piscataway, NJ, USA},
  doi    = {http://dx.doi.org/10.1109/5992.814654},
  issn    = {1521-9615},
  month    = {January},
  numpages  = {3},
  publisher  = {IEEE Educational Activities Department},
  url    = {http://dx.doi.org/10.1109/5992.814654},
  author  = {Nash, John C.},
  title    = {The {Dantzig} Simplex Method for Linear Programming},
  journal  = {Computing in Science and Engg.},
  volume  = {2},
  number  = {1},
  pages    = {29-31},
    note = {JNfile: 2000-toptenDantzigsimplex.pdf, 00CompSciEng-Dantzig.pdf},
  year    = {2000}
}


@inproceedings{    jnrgpv9924,
  author  = {Nash, John C. and Richard Goldstein and Paul Velleman},
  title    = {{Shake, Rattle and Roll}: perturbation tools for analysis of regression data},
  booktitle = {Models, Predictions and Computing, 
              Proceedings of the 31st Symposium on the Interface, 
              Schaumburg Illinois June 9-12, 1999},
  editor  = {K Berk and M Pourahmadi},
  publisher = {Interface Foundation of North America, Fairfax, Virginia, USA},
  year    = {2000},
  month = {June}, 
  pages = {287-291}, 
  note = {Also Faculty of Administration Working Paper 99-24. 
	JNfile: 99iface-proceedingspaper.pdf, 99WP24NashGoldsteinVelleman.pdf},
}

%% YY1999

@unpublished{ jn1999slift,
  author  = {Nash, John C.},
    title = {Nash Stone-Lifter: a tool to lift and position large dimension patio stones}, 
    year = {1999},
    note = {Industrial design. JNfile: Slifter99.pdf},
}

@Misc{ jn99iciamslides,
author = {Nash, John C.},
title = {Forecasting: a framework and graphical approaches},
year = {1999},
month = {July},
note = {Slides for presentation at the 1999 ICIAM conference, Edinburgh at Minisymposium 029
	"Several faces of forecasting" which the author organized and chaired. The abstract
	of the minisymposium was published with the Proceedings in 2000.
	JNfile: jniciam99.pdf}
}

@TechReport{    nashbaglivo99,
  institution  = {University of Ottawa, Faculty of Administration},
  author  = {Nash, John C. and Baglivo, Jenny A.},
  title    = {Scattergrid plots},
  year    = {1999},
  note ={JNfile: 99WP13Scattergrid.pdf},
  number  = {99.13}
}

@TechReport{    nashtechnical99,
  institution  = {University of Ottawa, Faculty of Administration},
  author  = {Nash, John C. and Nash, Mary M.},
  title    = {Technical opinion: How productivity software wastes human
      and computer time},
  year    = {1999},
  note ={JNfile: 99WP15ProdSWwastestime.pdf},
  number  = {99.15}
}

@Misc{  weeds99,
author = {Nash, John C.},
title = {Weeds in the nonlinear garden: why there are still some difficulties in estimating
	and using nonlinear models},
year = {1999},
month = {November},
note = {Slides of lead-off presentation at the Conference on Nonlinear Statistical Models:
	Implementation and Application, Lexington KY, November 4-6, 1999. JNfile: w9911a.pdf}
}

@Misc{  99cnm20,
author = {Nash, John C.},
title = {{Twenty years of Compact Numerical Methods (CNM)}},
year = {1999},
month = {January},
note = {Presentation to the Faculty on January 27, 1999, showing developments in computers,
	especially personal computers, over the publication life of the author's book. 
	JNfile: 99cnm20.pdf}
}

@Misc{  lhex99,
author = {Nash, John C.},
title = {{LHEX: a small software tool to simplify the unpacking of LZH archives}},
year = {1999},
month = {August},
note = {This sofware was directed to Windows users who did not wish to use the
	command line to unpack archives. Double-clicking an LZH archive would unpack
	it. JNfile: 99LHEX-readme.txt}
}

@Misc{  varcmp99,
author = {Nash, John C. and Garrett, Lorraine},
title = {{Comparing variability of samples drawn from populations that
	may have a non-Gaussian distribution}},
year = {1999},
month = {March},
note = {This slide deck was created to summarize and present the work of Lorraine
	Garrett (undergraduate student) who noted that traditional textbooks do not
	treat the important case of comparing variability for non-Gaussian samples,
	nor more than 2 samples.  JNfile: varcmpsl99.pdf}
}




%% YY1998

%% emgmsdig98 ??


@Article{    nashti83rev98,
  month    = {August},
  author  = {Nash, John C. and Olsen, Chris},
  title    = {Review: The Texas Instruments TI-83 Graphing Calculator},
  journal  = {The American Statistician},
  volume  = {52},
  number  = {3},
  pages    = {285-287},
  note ={JNfile: 98-TI83Calculator2685949.pdf},
  year    = {1998}
}

@book{      drdobbs1998,
  isbn    = { },
  language  = { English },
  note    = { The two books: Scientific Computing with PCs, (with Mary
      M. Nash) and Compact numerical methods for computers:
      linear algebra and function minimisation, Second Edition,
      were republished as part of this 8-book set in December
      1998. John Nash was the only author to appear twice. JNfile: 94Nash-SCPCs.pdf},
  publisher  = { Miller Freeman Inc. : San Mateo CA },
  type    = { e-Book },
  author  = {Nash, John C. and Nash, Mary M.},
  title    = {Dr. Dobb{'}s Essential Books on Numerics and Numerical
      Programming},
  year    = {1998}
}

@Article{    jnmn-mbd98,
  author  = {Nash, John C. and Nash, Mary M.},
  title    = {Management by Design},
  journal  = {Optimum: the Journal of Public Sector Management},
  volume  = {28},
  number  = {3},
  pages    = {54-58},
  note =    {{JNfile: 98-Nash-management\_by\_design.pdf}},
  year    = {1998}
}

@Inproceedings{  jnmn-visman98,
  author  = {Nash, John C. and Nash, Mary M.},
  title = {{Visible Management} for design, programming and other creative processes},
  booktitle ={Proceedings of the CSME Forum 1998},
  editor = {M A Rosen and D Naylor and J C Keewall},
  publisher = {Ryerson Polytechnic University}, 
  year = {1998}, 
  pages = {224--230}, 
  note = {Also Faculty of Administration Working Paper 97-44.  JNfile: 98CSMEmx.pdf,
	csmewp97-44.pdf, csme98s.pdf (slides)},
  volume = {3}
}


@Misc{  jnmn98bizmodelnetpub,
  author  = {Nash, John C. and Nash, Mary M.},
  title = {A business model for network-based publishing},
  year = {1998}, 
  organization = {Nash Information Services Inc.},
  note = {Discussion document prepared by the authors. JNfile: 98BizModel4NetBasedPublishing.pdf}
}

@Misc{  visman98AZ,
  author  = {Nash, John C. and Nash, Mary M. and Lennox, Holly},
  title = {{Visible Management}: A Perspective on Quality, Productivity, and the 
          Design of Work Processes},
  year = {1998}, 
  month = {Feb},
  note = {Talk presented at Arizona State University. A similar talk was presented at
          Mitel, Ottawa, on June 18, 1998. JNfile: VismanAZ9802.pdf }
}

@Article{    nashrevshammas98,
  month    = {June},
  author  = {Nash, John C.},
  title    = {Review: Mathematical Algorithms in Visual Basic for
      Scientists and Engineers (Namir C. Shammas)},
  journal  = {SIAM Review},
  volume  = {40},
  number  = {2},
  pages    = {417-419},
  note ={JNfile: 98SIAMbookReviewShammas.pdf},
  year    = {1998}
}

@TechReport{    nashontheorganization1-1,
  institution  = {University of Ottawa, Faculty of Administration},
  author  = {Nash, John C.},
  title    = {On the organization of university programs. {Working Paper 98-20.}},
  year    = {1998},
  note ={JNfile: 98WP20OrgUnivPrograms.pdf},
  number  = {20}
}

@Article{    nashcompstat98,
  month    = {November},
  author  = {Nash, John C.},
  title    = {CompStat {'}98 - one person{'}s view},
  journal  = {Computational Statistics and Data Analysis},
  volume  = {29},
  number  = {1},
  pages    = {118-119},
  note ={JNfile: compstat98-1-s2.0-S0167947398901827-main.pdf},
  referee = {no},
  year    = {1998}
}


@Misc{ hjjncompstat98,
  author  = {Joe, Harry and Nash, John C.},
  title    = {Numerical optimization with imprecise function evaluations},
  note =  {Slides for presentation July 26, 1998 at the Computational Statistics 98 
         Conference, Bristol, UK. JNfile: 980726JoeNashslides-compstat.pdf},
  year    = {1998}
}
 


@Booklet{    nash1998adm,
  month    = {January},
  author  = {Nash, John C. and Quon, Tony},
  title    = {ADM 2304 Lecture Note Template (Statistics for Management II)},
  publisher = {Faculty of Administration, University of Ottawa},
  note ={This set of notes evolved over the period in which I taught
	introductory statistics, in particular from 1988 to 2007 when
	machine-readable files were used. JNfile: 98w2304lectures.pdf, 
	also 90w2304notes.txt},
  year    = {1998}
}


%% YY1997

@Misc{ 97Simmonsassessment,
author = {Nash, John C},
title = {{Assessing Software: features that help or hinder us}},
year = {1997},
month = {April},
note = {Slides for an invited presentation at Assessment in Statistics Courses,
	Simmons College, Boston MA, April 19, 1997. 
	JNfile: 970419Simmons-assessmentinstatscourses.pdf}
}

@TechReport{   NashGrandTourofMultivariateStats-draft,
  institution  = {University of Ottawa, Faculty of Administration},
  author  = {Nash, John C.},
  title    = {{A Grand Tour of Multivariate Statistics}},
  year    = {1997},
  note ={JNfile: 97-NashGrandTourofMultivariateStats-draft.pdf}
}



@Book{      jnmnrisk97,
  isbn    = {0-88769-011-4},
  language  = { English },
  month    = { October },
  publisher  = { Nash Information Services Inc.: Ottawa },
  type    = { Book },
  author  = {Nash, John C. and Nash, Mary M.},
  title    = {Managing Technological Risk: Case Studies and Methods },
  note ={There were 1993, 1997 and 1999 printings, with some changes between
	1993 and 1997. JNfile: 99Nash-Nash-ManagingTechRisks-Scan.pdf},
  year    = { 1997 }
}

@Inproceedings{  jnmn-visman97,
  author  = {Nash, John C. and Nash, Mary M.},
  title = {The {Visible Management} system: management ideas with library principles},
  booktitle ={Communication and Information in Context: Society, Technology and the Professions,
          Proceedings of the 25th Annual Conference},
  editor = {Bernd Frohmann},
  publisher = {Canadian Association for Information Science: Toronto}, 
  year = {1997}, 
  month = {June},
  pages = {124--130}, 
  note = {Also Faculty of Administration Working Paper 97-38. 
	JNfile: 97CJIS-visiblemanagement-r.pdf,
		97WP38VisibleManagementSystem.pdf, 
		97CAIS-paperandslides-mnpresn.pdf (slides used by
  		Mary Nash)},
  volume = {3}
}


@Booklet{    nash1997adm,
  month    = {September},
  institution  = {University of Ottawa, Faculty of Administration},
  author  = {Nash, John C.},
  title    = {ADM 2303 Lecture Note Template (Statistics for Management I)},
  note ={These notes were varied from year to year according to the University
	calendar and textbook in use. The file here is the Fall 2004 version.
	JNfile: 04f2303lectures.pdf},
  year    = {1997}
}

@Article{    nash1997how,
  month    = {July},
  author  = {Nash, John C.},
  title    = {How to deal with heterogeity: a practical suggestion},
  journal  = {University of Ottawa, Teaching Options P{\'{e}}dagogique},
  volume  = {1},
  number  = {3},
  note ={JNfile: 97TeachingOptions-diversity.pdf},
  referee = {no},
  year    = {1997}
}


@Article{    nashlancet97,
  day    = {24},
  month    = {April},
  author  = {Nash, John C.},
  title    = {Sturdy statistical support: SYSTAT Version 6.0.1 for
      Windows (invited review)},
  journal  = {The Lancet},
  volume  = {349},
  number = {9060},
  pages    = {1261},
  note ={JNfile: 97Lancet-SYSTAT.pdf},
  year    = {1997}
}

@TechReport{    jn1995tlteam,
  institution  = {University of Ottawa, Faculty of Administration},
  author  = {Nash, John and Lethbridge, Timothy},
  title    = {A synchronous teamwork approach to software development},
  number  = {Working Paper 97-50},
  note ={JNfile: 97WP50NashLethbridge.pdf},
  month = {December},
  year    = {1997}
}

@Misc{  jn97MSMESB,
  author  = {Nash, John C.},
  title = {Spreadsheets vs. Statistical packages: Tools for workplace use},
  year = {1997}, 
  month = {August},
  note = {CD-based proceedings and slides for a presentation at the Making
        Statistics More Effective in Schools of Business, Rochester, NY.
	JNfile: 97MSMESlidesjn.pdf, 97msme-proc-NASH.pdf}
}



%% YY1996


@Misc{ podium9609,
author = {Nash, John C},
title = {{Some notes on the design and usage of the new podiums
     in U. of Ottawa lecture halls.}},
year = {1996},
month = {Sept},
note = {JNfile: 96podium.pdf}
}

@Misc{ jn96BSE,
author = {Nash, John C},
title = {{Case: Mad Cow Disease}},
organization = {Telfer School of Management, University of Ottawa},
year = {1996},
month = {March},
note = {Case study for Managing Technological Risk. JNfile: BSEJN9603.pdf}
}




@Misc{ retain9611,
author = {Nash, John C},
title = {{Retaining students in Faculty of Administration programs}},
year = {1996},
month = {Nov},
note = {JNfile: 96retainstudents.pdf}
}


@Misc{ dice9603,
author = {Nash, John C},
title = {{Analysis of the 4-dice non-transitive betting problem}},
year = {1996},
note = {JNfile: dice9603.pdf}
}

@Misc{ netxec96,
author = {Nash, John C},
title = {{NETXEC, a tool to execute Minitab in a web browser}},
year = {1996},
note = {This software evolved from late 1995 to mid-1997 to enable
	Minitab to be launched from within a web page to illustrate
	statistical computations. }
}

@Misc{ SIAMOpt96JNHJ,
author = {Joe, Harry and Nash, John C},
title = {{Minimizing imprecisely computed functions}},
year = {1996},
month = {May},
note = {Slides for a presentation at the Fifth SIAM Conference on
	Optimization, Victoria, BC, May 20-22, 1996.
	JNfile: SIAMOpt96JNHJSlides.pdf}
}

@TechReport{    nashtry96,
  institution  = {University of Ottawa, Faculty of Administration},
  author  = {Nash, John C.},
  title    = {Trying to sum the harmonic series, Working Paper 96-10},
  year    = {1996},
  note ={JNfile: 96WP10TrySumHarmonicSeries.pdf},
  number  = {10}
}

@unpublished{ jn1996scar,
  author  = {Nash, John C.},
    title = {STATCAR 3: a trolley for carrying teaching equipment and materials}, 
    year = {1996},
  note ={JNfile: statcar3a.pdf, Statcar3pix.pdf;  Industrial design}
}

@Article{    nash1996chalk,
  institution  = { Centre for University Teaching, University of Ottawa},
  month    = {December},
  author  = {Nash, John C.},
  title    = {Chalk Talk: Examination design for more efficient
      grading},
  journal  = {Pedagogical Info P{\'{e}}dagogique},
  volume  = {16},
  number  = {2},
  pages    = {3},
  note ={JNfile: 96chalktalk-exam-design.pdf},
  referee = {no},
  year    = {1996}
}

@InProceedings{    nash1996commercial,
  booktitle  = {Electronic Publishing: Its Impact on Publishing, Education
      and Reading, Proceedings of the 24th Annual Conference},
  editor  = {Meadow, Charles T. and Weaver, Maggie and H{\'{e}}bert,
      Fran{\c{c}}oise},
  institution  = {Canadian Association for Information Science, Faculty of
      Information Studies, University of Toronto},
  author  = {Nash, John C. and Nash, Mary M.},
  title    = {Commercial Internet publishing {--} the practicalities},
  pages    = {62-72},
  note    = {Preprinted as Faculty of Administration Working Paper
             96-39. JNfile: 96WP39CommercialInternetPublications.pdf,
                    CAIS96CommercialInternetPublishingSlides.pdf},
  year    = {1996}
}
%% ?? don't seem to have paginated original of above

@Article{    nash1996misleading,
  month    = {January},
  author  = {Nash, John C.},	
  title    = {Misleading or confusing boxplots},
  journal  = {Stata Technical Bulletin, STB-29, contribution gr19},
  volume  = {5},
  pages    = {60-64},
  note    = {Also published in Stata Technical Bulletin Reprints, vol.
             5, pages  60-64, 1996.  JNfile: 96StataTechBull-boxplots.pdf
	     Also Faculty of Administration, University of Ottawa 
	     Working Paper 95-79. JNfile: 95WP79Boxplots.pdf (in 1995)},
  year    = {1996}
}

@InProceedings{    nash1996nonlinear,
  booktitle  = {Proceedings of the Section on Physical and Engineering
      Sciences of the American Statistical Association},
  publisher  = {American Statistical Association},
  author  = {Nash, John C. and Velleman, Paul},
  title    = {Nonlinear estimation combining visual fitting with
      optimization methods},
  pages    = {256-261},
  note ={Presented to the 1995 Spring Research Conference on Industrial Statistics, 
	June 1995 in Waterloo, Ontario. JNfile: 96NashVellemanSRC95x.pdf, 
	slides: 95SRC-nashvellemanvisualfittingslides.pdf},
  year    = {1996}
}

@inbook{ jn96datadesk,
  author = {Nash, John C.},
  title = {Data Desk 5 (manual)},
  publisher = {Data Description Inc.},
  address = {Ithaca NY},
  pages = {32/1-32/14},
  month = {March},
  year = {1996},
  note = {Chapter title: Nonlinear Estimation. 
          JNfile: 96-Datadesk32.pdf}
}

@Book{      jncnmjapan96,
  language  = { Japanese },
  pages    = { 334 p. },
  publisher  = { Ohmsha Ltd.: Tokyo },
  subjects  = { Numerical analysis - Data processing. },
  type    = { Book },
  author  = {Nash, John C.},
  title    = { Compact numerical methods for computers : linear algebra
      and function minimisation, Japanese Edition},
  note    = {translated by M. Aruga, S. Kato, and Y. Miyasato. 
            JNfile: 96cnm-OHMSHA.jpg},
  year    = { 1996 }
}

@TechReport{    nashontheorganization,
  publisher  = {University of Ottawa, Faculty of Administration},
  author  = {Nash, John C. and Chen, Tracy L-C},
  institution  = {University of Ottawa, Faculty of Administration},
  title    = {On the organization of simulation calculations, Working Paper 96-08},
  year    = {1996},
  note ={JNfile: 96WP08Simulation.pdf},
  number  = {8}
}


@Article{    nashcacmletter96,
  month    = {February},
  author  = {Nash, John C.},
  title    = {Letter "Iridium Project"},
  journal  = {Communications of the Association for Computing
      Machinery},
  volume  = {39},
  number  = {2},
  pages    = {13-14},
  note ={JNfile: 96CACM-letter.pdf},
  year    = {1996}
}

@Article{    nashquon96kinetic,
  month    = {November},
  note    = {Preprinted as Faculty of Administration Working Paper 96-36.
	JNfile: 96nashquon.pdf, 96WP36NashQuonKinetic.pdf},
  author  = {Nash, John C. and Quon, Tony},
  title    = {Software for modelling kinetic phenomena},
  journal  = {The American Statistician},
  volume  = {50},
  number  = {4},
  pages    = {368-378},
  year    = {1996}
}

@Article{    nashquon96spreadsheet,
  month    = {March},
  url    = {http://www.amstat.org/publications/JSE/v4n1/nash.html},
  author  = {Nash, John C. and Quon, Tony},
  title    = {Issues in teaching statistical thinking with
      spreadsheets},
  journal  = {Journal of Statistics Education},
  volume  = {4},
  number  = {1},
  note    = {This is a refereed electronic journal available in various
      formats on the Internet. Also University of Ottawa, Faculty
      of Administration Working Paper 96-20. 
      JNfile: 96WP20NashQuonSpreadsheetThinking.pdf, 
	Journal\_of\_Statistics\_Education\_\_V4N1\_\_Nash.pdf},
  year    = {1996}
}

%% YY1995

@Article{    nashderive95,
  month    = {February},
  author  = {Nash, John C.},
  title    = {Computer algebra systems: DERIVE},
  journal  = {The American Statistician},
  volume  = {49},
  number  = {1},
  pages    = {93-99},
  note ={JNfile: 95Amstat-DERIVE.pdf},
  year    = {1995}
}


@unpublished{ jn1995bhead,
  author  = {Nash, John C.},
    title = {BEDHEAD: a headboard design for a double bed}, 
    year = {1995},
    note ={JNfile: 95-BEDHEAD.pdf, Industrial design}
}

@Article{    nashlancet95,
  day    = {4},
  month    = {March},
  author  = {Nash, John C.},
  title    = {Epi Info (invited review)},
  journal  = {The Lancet},
  volume  = {345},
  number  = {8949},
  pages    = {571-572},
  note ={JNfile: 95EpiInfo.pdf},
  year    = {1995}
}

@Article{    jnmnchance95,
  month    = {Fall},
  author  = {Nash, John C. and Nash, Mary M.},
  title    = {Managing risks},
  journal  = {Chance},
  volume  = {8},
  number  = {4},
  pages    = {25-31},
  note ={JNfile: 95Chance-managingrisks.pdf},
  year    = {1995}
}
%%% above not available online at uOttawa for period}


@InProceedings{    nash1995internetb,
  booktitle  = {Connectedness: information, people, systems},
  editor  = {Olson, Hope A. and Ward, Dennis B.},
  publisher  = {Canadian Association for Information Science},
  author  = {Nash, John C. and Nash, Mary M.},
  title    = {Internet book publishing {--} a case study},
  pages    = {108-116},
  note    = {Proceedings of the 23rd Annual Conference, School of
      Library and Information Studies, University of Alberta.
      Also released as University of Ottawa, Faculty of
      Administration Working Paper 95-51.
      JNfile: 95WP51-internetpubNashNash.pdf, 95CAIS-Internetpub-paper-r.pdf, 
      slides for presentation as 95cais-internetbookslides.pdf},
  year    = {1995}
}

@InProceedings{      nash1994swtaxi,
  pages    = {269{--}271},
  publisher  = {American Statistical Association, Alexandria VA},
  booktitle  = {1994 Proceedings of the Statistical Computing Section},
  author  = {Nash, John C.},
  title    = {The Software Taxi: an easy-to-use tool for statistical
      presentations},
  note ={JNfile: 94ASA-statcomp.pdf, ASA94slides.pdf, Also Faculty of Administration, 
	University of Ottawa, Working Paper 95-54, JNfile: 95WP54SwTaxi.pdf},
  year    = {1995}
}

@InProceedings{ nash1995statistical,
  pages    = {238{--}241},
  publisher  = {American Statistical Association, Alexandria VA},
  booktitle = {Proceedings of the Section on Statistical Education},
  author  = {Nash, John C. and Tony Quon and Jacqueline Gianini},
  title    = {Statistical issues in spreadsheet software},
  note ={JNfile: 94ASAStatEd-nashquongianini.pdf},
  year    = {1995}
}

@Misc{ SSO950626,
  author  = {Nash, John C.},
  title = {{Optimization, Statistics and the Internet}},
  year = {1995},
  month = {June},
  note = {Talk given to Statistical Society of Ottawa AGM, June 26, 1995.
     JNfile: SSO95AGMslides-optandstats.pdf}
}


%% YY1994


@Misc{ jn94OUCCS4A,
  author  = {Nash, John C.},
  title = {{S4A: the Scientific and Statistical Software Source and Advisor}},
  year = {1994},
  month = {June},
  note = {Presentation for the Ottawa University Computing Conference, June 6, 1994. 
          OUCC94program-and-s4aslide.pdf}
}


@Misc{ jn94SSCswtaxi,
  author  = {Nash, John C.},
  title = {{The Software Taxi: A tool for teaching the use of
            statistical software.}},
  year = {1994},
  month = {June},
  note = {Presentation for the 1994 Statistical Society of Canada annual meeting,
         Banff, May 8-12, 1994, JNfile: 94SSCswtaxi.pdf}
}

@Misc{ jnmn94CAISInternet,
  author  = {Nash Mary M. and Nash, John C.},
  title = {{INTERNET: Gophers, Archies and other beasts?}},
  year = {1994},
  month = {Feb},
  note = {Talk given to Faculty Luncheon Series in collaboration with 
          the local chapter of the Canadian Association for Information Science.
          February 4, 1994. JNfile: 94CAISUOSL.pdf}
}

@Article{    nashtools94,
  month    = {February},
  note    = {Preprinted as University of Ottawa, Faculty of
      Administration Working Paper 93-43. JNfile: 94statgraph2685088.pdf},
  author  = {Nash, John C.},
  title    = {Tools for including statistical graphics in application programs},
  journal  = {The American Statistician},
  volume  = {48},
  number  = {1},
  pages    = {52-57},
  year    = {1994}
}

@Article{ jnled9410,
  author  = {Nash, John C.},
  title = {Editorial: A Farewell Message from the Outgoing Editor / Message d'adieu de votre ancien rédacteur en chef},
  howpublished = {Statistical Society of Canada - Liaison, v.8, n.4, pages 1, 4},
  journal = {SSC Liaison},
  volume = {8},
  number = {4},
  pages = {1, 4},
  month = {October},
  note ={JNfile: 94-LiaisonV08N4.pdf},
  referee = {no},
  year = {1994}
}

@Article{ jnled9406,
  author  = {Nash, John C.},
  title = {Editorial: A Matter of Numbers / Une Question de Numérotation (announcement)},
  howpublished = {Statistical Society of Canada - Liaison, v.8, n.3, page 5},
  journal = {SSC Liaison},
  volume = {8},
  number = {3},
  pages = {5},
  month = {June},
  note ={JNfile: 94-LiaisonV08N3.pdf},
  referee = {no},
  year = {1994}
}

@Article{ jnled9402,
  author  = {Nash, John C.},
  title = {Editorial: Editorial policy? / Nécessité d'une politique éditoriale?},
  howpublished = {Statistical Society of Canada - Liaison, v.8, n.2, page 3},
  journal = {SSC Liaison},
  volume = {8},
  number = {2},
  pages = {3},
  month = {February},
  note ={JNfile: 94-LiaisonV08N2.pdf},
  referee = {no},
  year = {1994}
}

@Book{ jnmn94,
  isbn    = { },
  language  = { English },
  month    = { November },
  pages    = { 199 },
  publisher  = { Nash Information Services Inc.: Ottawa },
  type    = { Book },
  author  = {Nash, John C. and Nash, Mary M.},
  title    = {Scientific Computing with PCs },
  note ={This was a rewriting of {Effective scientific problem solving with small computers,
           Reston, 1984}. JNfile: 94Nash-SCPCs.pdf},
  year    = { 1994 }
}

@InProceedings{    nash1994documentation,
  booktitle  = {Proceedings of the 26th Symposium on the Interface:
      Computationally Intensive Statistical Methods, Computing
      Science and Statistics},
  editor  = {Sall, John and Lehman, Ann},
  publisher  = {Interface Foundation of North America: Fairfax VA},
  author  = {Nash, John C.},
  title    = {Documentation with online programs rather than programs
      with online documentation},
  volume  = {26},
  pages    = {377-379},
  note ={JNfile: 94IFACEPaper.pdf, IFACE94Slides.pdf },
  year    = {1994}
}
%% Hard copy Proceedings excerpts in JN publications collection


@InProceedings{    nash1994obstacles,
  booktitle  = {Computer Science and Statistics - 25th Symposium on the
      Interface},
  editor  = {Tarter, Michael E. and Lock, Michael D.},
  publisher  = {Interface Foundation of North America and American
      Statistical Association},
  author  = {Nash, John C.},
  title    = {Obstacles to having software packages cooperate on problem
      solving},
  pages    = {80-85},
  note    = {San Diego, April 14-17, 1993. Preprinted as University of
             Ottawa, Faculty of Administration, Working Paper 93-34.
             JNfile: IFACE93Obstacles-paper.pdf, 93WP34-obstacles.pdf, 
             	93iface-obstacles-slidesandpaper.pdf},
  year    = {1994}
}

@Article{    nashednotes94,
  month    = {November},
  author  = {Nash, John C.},
  title    = {Editor{'}s Notes (invited commentary by editor {Richard
      Goldstein)}},
  journal  = {The American Statistician},
  volume  = {48},
  number  = {4},
  pages    = {322-323},
  note ={JNfile: 94Ednotes2684844.pdf},
  year    = {1994}
}


%% YY1993


@Misc{    nash93sscmedia,
  note    = { JNfile: 93SSCMEDIA.pdf},
  author  = {Nash, John C.},
  title    = {Getting Media Publicity: an informal presentation and discussion},
  year    = {1993}
}



@Misc{    nashquon93sscpines,
  note    = { JNfile: 93SSC-HYPERTEN.pdf},
  author  = {Nash, John C. and Quon, Tony K.},
  title    = {Issues in Applying Personal Computers to the Analysis of the SSC
         1993 Data Sets.  Part II: The PINES Data cd Set},
  year    = {1993}
}



@Misc{    nashquon93sschyperten,
  note    = { JNfile: 93SSC-PINES.pdf},
  author  = {Nash, John C. and Quon, Tony K.},
  title    = {Issues in Applying Personal Computers to the Analysis of the SSC
             1993 Data Sets. Part I: General Concerns and the Hypertension Data Set},
  year    = {1993}
}






@inproceedings{    jnmnsnoop9329,
  institution  = {University of Ottawa, Faculty of Administration},
  author  = {Nash, John C. and Nash, Mary M.},
  title    = {{Launching the SnoopGuardTM PC access-control product 
              via a microinvestment strategy}},
  booktitle = {Proceedings of the 21st Annual Conference of the Canadian 
                Association for Information Science, CAIS, Toronto},  
  pages = { 101--107},
  note  = {Reprinted as University of Ottawa, Faculty of Administration Working Paper 93-29.
           JNfile: 93WP29LaunchingSnoopGuard.pdf, CAIS93slides.pdf},
  year    = {1993}
}

@Article{ jnled9308,
  author  = {Nash, John C.},
  title = {Editorial: How Liaison gets to you / Liaison de A à Z},
  howpublished = {Statistical Society of Canada - Liaison, v.7, n.4, page 3},
  journal = {SSC Liaison},
  volume = {7},
  number = {4},
  pages = {3},
  month = {August},
  referee = {no},
  note ={JNfile: 93-LiaisonV07N4.pdf},
  year = {1993}
}

@Article{ jnled9305,
  author  = {Nash, John C.},
  title = {Editorial: Accreditation / L'Accréditation Professionnelle},
  howpublished = {Statistical Society of Canada - Liaison, v.7, n.3, page 3},
  journal = {SSC Liaison},
  volume = {7},
  number = {3},
  pages = {3},
  month = {May},
  note ={JNfile: 93-LiaisonV07N3.pdf},
  year = {1993}
}

@TechReport{    nashmoving,
  institution  = {University of Ottawa, Faculty of Administration},
  number  = {Working Paper 93-39},
  author  = {Nash, John C.},
  title    = {Moving and manipulating computerized information:
      strategies, tactics and tools},
  note ={JNfile: 93WP39-movingandmanipulating.pdf},
  year    = {1993}
}

@Misc{    nash93argonnetalk,
  note    = {Talk given to the Mathematics and Computer Science Division of the
             Argonne National Laboratory, March 12, 1993. JNfile: 93Argonne.pdf},
  author  = {Nash, John C.},
  title    = {Nonlinear function minimization on PCs: applications, models and software},
  year    = {1993}
}

@Misc{    nash930519talk,
  note    = {Talk given to Faculty of Administration, May 19, 1993. JNfile:
                       93930519SoftwareToolsTalkAnnounce.pdf},
  author  = {Nash, John C.},
  title    = {Some Software Tools of Interest in Teaching Quantitative Subjects:
                   An informal demonstration.},
  month   = {May},
  year    = {1993}
}

%% 
@Misc{    nash93ItSolve,
  note    = {JNfile: 93IterativeSolutionLinearSystemsProposal.pdf},
  author  = {Nash, John C.},
  title    = {A proposal / outline for development of tools to investigate 
              and report on iterative solution methods for linear systems},
  year    = {1993}
}

@Misc{    nash93techtopic,
  note    = {Discussion Paper JNfile: 931031techtopicdiscussiondraft.pdf},
  author  = {Nash, John C.},
  title    = {Technology management topics in regular administration courses},
  month   = {October},
  year    = {1993}
}

%% 


%% YY1992


@Misc{    nash1992xtox,
  author  = {Nash, John C.},
  title    = {Approaches to a solution to the x \^{ } x = 2 problem},
  year    = {1992},
  note    = {JNfile: 92XTOXRES.pdf}
}

@Misc{    nash1992Quesbase,
  author  = {Nash, Mary M. and Nash, John C.},
  title    = {Design of a database of modifiable problems and answers for use 
              in teaching environments},
  year    = {1992},
  month   = {May},
  note    = {Presented at the 1992 conference of the Canadian Association for Information
             Science, Ottawa, May, 1992. JNfile: QUESBASEproposal-slides-paper-CAIS92.pdf}
}

@Misc{    nash1992OODatabase,
  author  = {Nash, John C.},
  title    = {What is an object-oriented database management system},
  year    = {1992},
  month   = {May},
  note    = {Presented at the 1992 conference of the Canadian Association for Information
             Science, Ottawa, May, 1992. JNfile: CAIS92OODBslides.pdf}
}



@Misc{    nash92snoopguardmanual,
  note    = {Manual for SnoopGuard(TM) computer security device.
            JNfile: 92SnoopGuard.pdf},
  author  = {Nash, John C.},
  organization = {Nash Information Services Inc.},
  title    = {SnoopGuard(TM) Manual 1992},
  year    = {1992}
}

@Article{    nashjasaletter92,
  month    = {September},
  author  = {Nash, John C.},
  title    = {Comment on Efron},
  journal  = {Journal of the American Statistical Association},
  volume  = {87},
  number  = {419},
  pages    = {912-913},
  note ={JNfile: 92jasa-letter-A25723060041.pdf},
  year    = {1992}
}


@Article{    nashshareware92,
  month    = {November},
  author  = {Nash, John C.},
  title    = {Statistical shareware: illustrations from regression
      techniques},
  journal  = {The American Statistician},
  volume  = {46},
  number  = {4},
  pages    = {312-318},
  note ={JNfile: 92-AmerStatn-2685324.pdf},
  year    = {1992}
}

@Article{ jnled9210,
  author  = {Nash, John C.},
  title = {Editorial: Guns and Numbers / Des Chiffres et des Armes},
  howpublished = {Statistical Society of Canada - Liaison, v.7, n.2, pages 3-4},
  journal = {SSC Liaison},
  volume = {7},
  number = {1},
  pages = {3-4},
  month = {October},
  note ={JNfile: 92-LiaisonV07N1.pdf},
  referee = {no},
  year = {1992}
}

@Article{ jnled9206,
  author  = {Nash, John C.},
  title = {Editorial: Certification Dangers / Les dangers de la certification},
  howpublished = {Statistical Society of Canada - Liaison, v.6, n.3, pages 4-5},
  journal = {SSC Liaison},
  volume = {6},
  number = {3},
  pages = {4-5},
  month = {June},
  note ={JNfile: 92-LiaisonV06N3.pdf},
  referee = {no},
  year = {1992}
}

@Article{ jnednote9202,
  author  = {Nash, John C.},
  title = {Editor's Notes / Réflexions du rédacteur en chef},
  howpublished = {Statistical Society of Canada - Liaison, v.6, n.2, page 4},
  journal = {SSC Liaison},
  volume = {6},
  number = {2},
  pages = {4},
  month = {February},
  note ={JNfile: 92-LiaisonV06N2.pdf},
  referee = {no},
  year = {1992}
}

@Article{    jnmncjis92,
  month    = {July},
  author  = {Nash, John C. and Nash, Mary M.},
  title    = {Matching risk to cost in computer file back-up
      strategies},
  journal  = {Canadian Journal of Information Science},
  volume  = {17},
  number  = {2},
  pages    = {1-15},
  note    = {A presentation based on this material was presetned at the 1991 Canadian
             Association for Information Science conference. 
             Also University of Ottawa, Faculty of Administration
             Working Paper 91-07, May 1991. JNfile: 92CJIS-matchingrisktocost.pdf, 
             91CAIS-backupstrategy-annotatedslidespaper.pdf},
  year    = {1992}
}
%% WP91-07 not in machine-readable. Is in JN paper collection.

%% YY1991


@Misc{      jn91ICIAM,
  note    = {Slides for a presentation to the 1991 International Congress for Industrial and 
             Applied Mathematics, March 24-27, 1991. The presentation was given by Mary Nash
             as the author had food poisoning.
             JNfile: 910711ICIAM-initialparameters.pdf},
  author  = {Nash, John C.},
  title    = {Initial parameter values in nonlinear parameter determination},
  month   = {July},
  year    = {1991}
}

@Article{ jnled9111,
  author  = {Nash, John C.},
  title = {Editor's Introduction / Mot du rédacteur en chef, v.6 n.1, pages 3-4, November 1991.},
  howpublished = {Statistical Society of Canada - Liaison, v.6, n.1, pages 3-4},
  journal = {SSC Liaison},
  volume = {6},
  number = {1},
  pages = {3-4},
  month = {November},
  note ={JNfile: 91-LiaisonV06N1.pdf},
  year = {1991}
}

@Article{ jnled9106,
  author  = {Nash, John C.},
  title = {Editorial: Academic research funding and NSERC / 
    Le CRSNG et le financement de la recherche universitaire},
  howpublished = {Statistical Society of Canada - Liaison, v.5, n.3, page 6},
  journal = {SSC Liaison},
  volume = {5},
  number = {3},
  pages = {6},
  month = {June},
  note ={JNfile: 91-LiaisonV05N3.pdf},
  year = {1991}
}

@Article{ jnled9102,
  author  = {Nash, John C.},
  title = {Editorial: A sermon on the (Gaussian?) mount / Un sermon sur la montagne},
  howpublished = {Statistical Society of Canada - Liaison, v.5, n.2, pages 4-5},
  journal = {SSC Liaison},
  volume = {5},
  number = {2},
  pages = {4-5},
  month = {February},
  note ={JNfile: 91-LiaisonV05N2.pdf},
  year = {1991}
}

@InProceedings{    nash1991didactic,
  booktitle  = {Computing Science and Statistics: Proceedings of the 23rd
      Symposium on the Interface},
  editor  = {Keramidas, E. M.},
  month    = {December},
  note    = {Preprinted as University of Ottawa, Faculty of
      Administration Working Paper 91-08, May 1991.;
      JNfile: 91Iface-didactic-paperandWP08.pdf, 91Iface-variance-slides.pdf},
  publisher  = {Interface Foundation of North America: Fairfax Station,
      VA},
  author  = {Nash, John C.},
  title    = {Didactic and production software for computing sample
      variances},
  pages    = {344-347},
  year    = {1991}
}

@Article{      nash1991just,
  pages    = {A19},
  journal  = {The Globe and Mail},
  publisher  = {The Globe and Mail, Toronto, Monday, July 22},
  author  = {Nash, John C.},
  title    = {Just dial a number and shrink the country},
  note ={JNfile: 91-gandm91fbk.pdf, 91GandM-dialandshrink.pdf},
  year    = {1991}
}

@Article{    nashclj91review,
  month    = {April},
  author  = {Nash, John C.},
  title    = {Book Review: Principles and applications of Information
      Science for Library Professionals (John N. Olsgaard,
      editor) },
  journal  = {Canadian Library Journal},
  volume  = {48},
  number  = {2},
  pages    = {145-146},
  note ={JNfile: 91CLJ-bookreview.pdf},
  year    = {1991}
}

@Misc{      jn91BiometricsENAR,
  note    = {Slides for a presentation to the 1991 Biometrics ENAR Conference in Houston Texas,
	     March 24-27, 1991.
            JNfile: 91BiomENAR-swvalidation.pdf},
  author  = {Nash, John C.},
  title    = {Some ideas on software development, validation and evaluation},
  year    = {1991}
}


%% YY1990



@TechReport{    nash1990AIT,
  month    = {July},
  institution  = {Nash Information Services Inc., Ottawa},
  author  = {Nash, John C.},
  title    = {Nonlinear estimation of parameters for calibration curves: 
              draft second report prepared for AIT Corporation},
  year    = {1990},
  note    = {JNfile: 90aitrept.pdf}
}

@Article{    nash90NLEX,
  author  = {Nash, John C. and Walker-Smith, M.},
  title    = {NLEX: Examples and Software Extensions for 
         Nonlinear Modeling and Robust Nonlinear Estimation.},
  journal  = { The American Statistician},
  volume  = {44},
  number  = {1},
  pages    = {55},
    note = {JNfile: 90AMSTAT-NLEX.pdf. There were multiple versions of the underlying work
	as additions and corrections were made up to 1995. The 1995 version is
	under 1995 as JNfile: jnmws-exbook-10.1.1.92.2911.pdf},
  year    = {1990}
}

@Misc{      jn90nov29StdDevn,
  note    = {Seminar to Statistical Society of Ottawa, Nov 29, 1990.
            JNfile: 90nov29StdDevn.pdf},
  author  = {Nash, John C.},
  title    = {Can you compute a standard deviation},
  month = {Nov},
  year    = {1990}
}


@Misc{      jn90teachcolloque,
  note    = {Poster at the Colloquium on Teaching, May 7-9, 1990.
            JNfile: 90May7to9-ColloqueonTeaching-Mainframefiles.pdf},
  author  = {Nash, John C.},
  title    = {Using mainframe files as a library for student materials},
  year    = {1990}
}

@TechReport{    nash1990freeware,
  month    = {September},
  institution  = {University of Ottawa, Faculty of Administration},
  number  = {Working Paper 90-18},
  author  = {Nash, John C.},
  title    = {A freeware text processor for educational and non-profit use},
  year    = {1990},
  note    = {This Working Paper describes a text processing system developed so students
          could not argue that they must illegally copy proprietary software. The author
          used an editor and processing program partly developed by Woody Suwalski and himself.
          JNfile: 90WP18-freewaretextprocessor.pdf. See also 90-NPL-NED-documentation.pdf}
}

@Book{      nlacatvn1060620,
  isbn    = { 0852743300 },
  language  = { English },
  note    = {hardback and paperback, incorporating coupon for software
      diskette) Adam Hilger: Bristol, March 1990. Distributed in
      North America by the American Institute of Physics and by
      MacMillan Book Clubs.
      JNfile: 90CompactNumerical.pdf, Netlib-cnm.tgz},
  pages    = { ix, 227 p. : },
  publisher  = { Institute of Physics : Bristol },
  subjects  = { Numerical analysis - Data processing. },
  type    = { Book },
  author  = {Nash, John C.},
  title    = { Compact numerical methods for computers : linear algebra
      and function minimisation, Second Edition},
  year    = { 1990 }
}

@Article{    nashcjisrev90,
  author  = {Nash, John C.},
  title    = {Book Review: Information Systems: A Strategic Approach to
      Planning and implementation (Richard M. Kesner)},
  journal  = {Canadian Journal of Information Science},
  volume  = {15},
  number  = {1},
  pages    = {49-50},
  note = {JNfile: 90CAIS-KesnerRev.pdf},
  year    = {1990}
}


@Article{    nashsiamrev90,
  author  = {Nash, John C.},
  title    = {Book Review: Introduction to Numerical Linear Algebra and
      Optimisation (Philippe G. Ciarlet)},
  journal  = {SIAM Review},
  volume  = {32},
  number  = {4},
  pages    = {700-702},
    note = {JNfile: 90SIAMREVbookreviewCiarlet.pdf},
  year    = {1990}
}

@Article{    nash1990hypertext,
  month    = {July},
  author  = {Nash, John C.},
  title    = {A hypertext environment for using mathematical software:
      Part 1 {--} Motivations and design objectives},
  journal  = {SIGNUM Newsletter, v. 25, n},
  volume  = {25},
  number  = {3},
  pages    = {2-14},
  note ={Also Faculty of Administration, University of Ottawa Working
	Paper 90-19., JNfile:90Signum-p2-Nash.pdf,
	90WP19Hypertext+Signumcontent.pdf},
  year    = {1990}
}


%% YY1989

%% ?? 890426 talk "Managing an Election Campaign by Computer" for CAIS Ottawa

@Misc{      jnmws89siam,
  note    = {Poster at SIAM Optimization Conference, April 2-5, 1989.
            JNfile: SIAM89JN.pdf},
  author  = {Nash, John C. and Nash, Mary M.},
  title    = {Performance of general purpose minimization software 
             on {L-1} and {L-infinity} approximation problems},
  year    = {1989}
}


@Article{    nash89gazette,
  author  = {Nash, John C.},
  title   = {Getting through customs using an ATA Carnet},
  journal  = {University of Ottawa Gazette},
  volume  = {1},
  number  = {12},
  pages   = {13},
  note = {March 10, 1989, JNfile: 89Gazette-Carnet.pdf},
  year    = {1989}
}


@Misc{      jnmn89ncm,
  note    = {Report on software to manage a municipal election campaign.
            JNfile: 89ManagingElectionWP.pdf. See also the re-edit of this
            item as "COMPUTER INFORMATION MANAGEMENT IN A MUNICIPAL ELECTION CAMPAIGN",
            with files ElectionSoftware900803.pdf (in 1990), 89NashCampaignManager1.pdf,
             89NashCampaignManager2.pdf },
  author  = {Nash, John C. and Nash, Mary M.},
  title    = {Managing a municipal election campaign by computer},
  year    = {1989}
}


@Misc{      jn89vanmatreIrwin,
  note    = {Review of a proposed textbook for Irwin Publishing Co. JNfile: 89IRWINReview.pdf},
  author  = {Nash, John C. and Nash, Mary M.},
  title    = {{Review of Van Matre and Galbraith}},
  year    = {1989}
}

@Misc{      jnmwsSSC89,
  note    = {Statistical Society of Canada 1989 Annual Meeting, Ottawa,
             SSC 89, Ottawa, May 29-31, 1989, JNfile: 89-SSC89Nashslides.pdf},
  author  = {Nash, John C. and Walker-Smith, M.},
  title    = {Programs which generate other programs: various examples from mathematical and 
	statistical software},
  year    = {1989}
}

@Misc{      jn89bostoncoll,
  note    = {Talk at Boston College, Mathematics Department, March 31, 1989.
		JNfile: 89BostonCollege-nonlinearmodelling.pdf},
  author  = {Nash, John C.},
  title    = {Nonlinear modelling},
  year    = {1989}
}

@Misc{      jn1989gordonconf,
  note    = {Poster at 1989 Gordon Conference on Statistics in Chemistry and 
             Chemical Engineering, Jul 31 - Aug 4, New Hampton School.
		JNfile: 89GordonConf-Appropriateswslides.pdf},
  author  = {Nash, John C.},
  title    = {Appropriate statistical tools for progress-curve modelling of chemical reactions},
  year    = {1989}
}


@Article{    nashnzstat89,
  author  = {Nash, John C.},
  title    = {Data analysis and modelling: a discussion},
  journal  = {The New Zealand Statistician},
  volume  = {24},
  number  = {1},
  pages    = {17-21},
  note = {JNfile: 89NZStatistician-DAAM.pdf},
  year    = {1989}
}

@Article{    nashcjisrev89,
  author  = {Nash, John C.},
  title    = {Book Review: Effective Information Centers: Guidelines for
      MIS and IC Managers (Robert J. Thierauf)},
  journal  = {Canadian Journal of Information Science},
  volume  = {14},
  number  = {4},
  pages    = {58-59},
    note = {JNfile: 89CJIS-bookreview.pdf},
  year    = {1989}
}

@Article{    nashduggleby89,
  author  = {Nash, John C. and Duggleby, R. G.},
  title    = {A single parameter family of adjustments for fitting
      enzyme kinetic models to progress curve data},
  journal  = {Biochemical Journal},
  volume  = {257},
  pages    = {57-64},
  note    = {JNfile: 89Nash-Duggleby-2570057.pdf},
  year    = {1989}
}

@Misc{      jn1989mws-exprobs,
  note    = {Includes software and documentation. JNfile: 87NLPEplus.zip.
             This is combined with the original book and files under 1987.},
  publisher  = { Nash Information Services Inc.: Ottawa },
  author  = {Nash, John C. and Walker-Smith, Mary},
  title    = {Example Problems and Software Extensions to accompany
      Nonlinear Parameter Estimation Methods: an Integrated
      System in BASIC},
  year    = {1989}
}


@Misc{      jn1989elecnotes,
  note    = {Lunchtime seminar announcement for January 18, 1989. 
             JNfile: 89Nash-ElectronicClassNotes.pdf},
  author  = {Nash, John C. and Walker-Smith, Mary},
  title    = {Electronic lecture notes and computer office hours},
  year    = {1989}
}

@TechReport{    nash1989cataloguing,
  institution  = {University of Ottawa, Faculty of Administration},
  month    = {September},
  number  = {Working Paper 89-14},
  author  = {John C. Nash and Mary M. Nash},
  title    = {Cataloguing files on personal computers: design and
      implementation of NASHCAT 3},
    note = {Presented at the Canadian Association for Information Science 
            1989 meeting. JNfile: 89WP14-cataloguing.pdf, 89CAIS-cataloguing-slides.pdf},
  year    = {1989}
}

@Article{    nash1989forecasting,
  author  = {Nash, John C. and Mary Walker-Smith},
  title    = {Forecasting (an introduction to a series of reviews of
      software for economic forecasting) and reviews of FORECAST
      PLUS and PRO*CAST},
  journal  = {{PC} Magazine},
  volume  = {8},
  number  = {5},
  pages    = {225-240},
  note    = {Various pages from 225-240, March 14, 1989.  JNfile: 89JNMWS-PCMag.pdf},
  year    = {1989}
}

@Article{    nash1989power,
  month    = {October},
  author  = {Nash, John C.},
  title    = {Power functions},
  journal  = {Ottawa IBM PC Users{'} Group Newsletter, v. II, n},
  volume  = {4},
  pages    = {1-2},
    note = {JNfile: 89OPCUGnews89-4.pdf},
  year    = {1989}
}

@Article{    jnmncacm89letter,
  month    = {December},
  author  = {Nash, John C. and Nash, Mary M.},
  title    = {Letter: Information systems is a general discipline},
  journal  = {Communications of the Association for Computing
      Machinery},
  volume  = {32},
  number  = {12},
  pages    = {1395},
    note = {JNfile: 89CommACM-p1395-letter.pdf},
  year    = {1989}
}

%% YY1988

@Article{    jn88cuthreview,
  month    = {September},
  author  = {Nash, John C.},
  title    = {{Review of Cuthbert, "Optimization using personal computers
              with application to electrical networks"}},
  journal  = {IEEE Circuits and Devices Magazine},
  volume  = {4},
  number  = {5},
  pages    = {28},
    note = {JNfile: 88IEEE-Cuthbertreview.pdf},
  year    = {1988}
}

@misc{  jnmn88filemgntcrse,
   title = {File management in personal computer systems},
   author = {John C. Nash and Mary M. Nash},
  note = {Course presented at DSIR Mount Albert Research Station, May 6, 1988.
          JNfile: 88filemanagementcourseannounce.pdf, 88FileManagementonPCs-notes.pdf},
  month = {May},
  year    = {1988}
}

@misc{  88knoxhome,
   title = {KNOX HOME AND HOSPITAL:
          POTENTIAL COMPUTER APPLICATIONS},
   author = {John C. Nash and Mary M. Nash},
  note = {Pro-bono consulting report to the management of the Knox Home and Hospital.
	JNfile: 88KNOXREP.txt},
  month = {April},
  year    = {1988}
}

@misc{ 88pagelister,
   title = {Page Lister: a formatter for the Third World Word Processor},
   author = {John C. Nash and Mary M. Nash},
  note = {Documentation of program PL.PAS.  JNfile: 88PageLister.pdf.
  Presented "PL - Nash's Third World Word Processor" at a 
  word processing smorgasbord organised by Keith Sharrock at
  DSIR Auckland, May 12, 1988.},
  month = {May},
  year    = {1988}
}


@misc{  88sscvictoria,
   title = {Stretching a software package to its limits: applications of a 
	nonlinear estimation program suite},
   author = {John C. Nash},
  note = {Poster presented at the 1988 Statistical Society of Canada conference in 
	Victoria, BC. June 5-8, 1988. JNfile: 88sscvicposter.pdf,
        88SSCVictoria-StretchingaComputerPackagetoitsLimits-sign.pdf},
  month = {June},
  year  = {1988}
}

@inproceedings{ jnStatcan88,
   title = {A technological forecast of the role of personal computers in statistical survey methods},
   author = {John C. Nash},
   booktitle = {Proceedings of Symposium 88: The Impact of High Technology on Survey Taking (Ottawa, Oct. 24-25, 1988)},
   editor = {Kovar, J. and Doucet, E.}, 
   address = {Ottawa},
   publisher= {Statistics Canada}, 
   pages = {297--307},
    note = {JNfile: 88Symposium88-techforecasting.pdf},
   year = {1989}
} 

@Article{    nashnashapjor88,
  month    = {November},
  note    = {Preprinted as Johns Hopkins University, Mathematical
      Sciences Department, Technical Report 479, September
      1986.  JNfile: 88NashNash-APJOR.pdf, 86hopkins479WP.pdf.
      See also 86SIAMOptNashNashslides.pdf, the slides from the 1986 
	Society for Industrial and Applied Mathematics conference in 
	Boston, July 21-24, 1986},
  author  = {Nash, John C. and Nash, Stephen G.},
  title    = {Compact algorithms for function minimization},
  journal  = {Asia-Pacific Journal of Operations Research},
  volume  = {5},
  number  = {2},
  pages    = {173-192},
  year    = {1988}
}

@inproceedings{ jnCTAC87,
   title = {Function minimization on small or special computers},
   author = {John C. Nash},
   booktitle = {Computational Techniques and Applications: CTAC-87},
   editor = {Noye, J. and Fletcher, C.}, 
   address = {Amsterdam},
   publisher= {Elsevier Science Publishers}, 
   pages = {509--516},
    note = {Proceedings of a conference held in the University of Sydney, Australia,
      24-27 August, 1987. JNfile: 87CTAC-optimizationAlgorithms.pdf},
   year = {1988}
} 


@misc{  88compstatinadequacy,
   title = {Computer statistical inadequacy: Why statistical
                      software is hard to use},
   author = {John C. Nash},
  note = {Talks presented at DSIR Wellington on Feb 26, 1988, and 
      Dept of Mathematics and Statistics, Auckland U, March 30, 1988.
      Also presented Sept 22, 1987, to the Brisbane section of the 
	Statistical Society of Australia.
      JNfile: 8788ComputerStatisticalInadequacy.pdf},
  year    = {1988}
}

@misc{  88nonlinearmodelling,
   title = {Nonlinear modelling: choices facing users and
                      developers of software},
   author = {John C. Nash},
  note = {Talks presented at DSIR Wellington on Feb 25, 1988, and 
	Department of Mathematics, University of Waikato, May 10, 1988.
              Dept of Mathematics and Statistics, Auckland U, March 30, 1988.
        Also presented Oct 7, 1987, to the Agricultural Economics Department, 
	University  of New England, Armidale, Australia, and to the 
        Melbourne CSIRO establishment Oct 21, 1987. A related talk "Software
        for nonlinear parameter determination: choices facing users and
        developers" was presented to the Mathematics Department of the 
        University of Adelaide, Oct 16, 1987.
      JNfile: 8788Armidale-etc-nonlinearmodellingslides.pdf},
  year    = {1988}
}

@misc{  88TAMworkshop,
   title = {Limits to the application of nonlinear function minimisation and
       nonlinear least squares codes: can flexibility coexist
       with simplicity of use and efficiency of operation},
   author = {John C. Nash},
   year   = {1988},
   note = {Talk to the Theoretical and Applied Mechanics workshop on 
	April 27, 1988 ad the University of Aukland. JNfile: none.}
}

@misc{  88swproctools,
   title = {Software and procedural tools for enhancing
	productivity in a specialized data-entry application},
   author = {John C. Nash and Mary M. Nash},
  note = {Presented to the Auckland branch of the New Zealand Operations
	Research Society, May 3, 1988, at Auckland University).
        JNfile: 87CJIS-swandproctools.pdf (but no specific slides remain)},
  year    = {1988}
}


%% YY1987

%% ?? Development of a program to calculate estimates for parameters
%% of interest in repeated statistical surveys.  Research contract
%% with Statistics Canada.  Work carried out jointly with M. 
%% Walker-Smith. 1987

@manual{  87C2D,
   title = {{C2D: Compare two disks(ettes)}},
   author = {John C. Nash},
  note = {JNfile: 87C2Ddocumentation.pdf},
  year    = {1987}
}

@inproceedings{ jn1987termin,
    title = {Termination strategies for nonlinear parameter determination},
    booktitle = {Proceedings of the Australian Society for Operations Research Annual Conference},
    author = {John C. Nash},
    editor = {Santosh Kumar},
    year = {1987},
    month = {October},
    pages = {322 -- 334},
    note = {JNfile: 87ASOR-JNscan2.pdf, 87ASORpresentationandprogram.pdf},
    address = {Melbourne, Australia}
}

@misc{ jnSIAMOpt87,
    title = {Extensions of a parameter estimation package to
	approach global optimization},
    author = {John C. Nash},
    year = {1987},
    month = {May},
    note = {SIAM Conference on Optimization, Houston TX, May 18-20, 1987. Poster presentation.
            JNfile: 87SIAM-ModsofParamEsttoGlobalOpt-slides.pdf}
}


@unpublished{ jn1987headsp,
  author  = {Nash, John C.},
    title = {HEADSPACE: an industrial design for a space-saving hat and cap hanger}, 
    year = {1987},
    note = {JNfile: 87Headspace-design.pdf ,  Industrial design}
}

@Article{    jnmn-cljrev87,
  month    = {August},
  author  = {Nash, John C. and Nash, Mary M.},
  title    = {Book Review: {Electronic spreadsheets for libraries
      (Lawrence W. S. Auld)}},
  journal  = {Canadian Library Journal},
  volume  = {44},
  number  = {4},
  pages    = {261-262},
    note = {JNfile: 87CLJbookreview.pdf},
  year    = {1987}
}

@Article{    nash1987different,
  month    = {January},
  author  = {Nash, John C.},
  title    = {Different designs for engineering software},
  journal  = {IEEE Circuits and Devices Magazine},
  volume  = {3},
  number  = {1},
  pages    = {32-34},
    note = {JNfile: 87IEEE-CircuitsDevicesJN.pdf},
  year    = {1987}
}

@Article{    nash1987open,
  author  = {Nash, John C.},
  title    = {Open file},
  journal  = {Ottawa IBM PC Users{'} Group Newsletter, Issue 87(1)},
  volume  = {21},
  pages    = {3},
    note = {JNfile: 87OpenFile-OPCUG.pdf},
  month    = {January},
  year    = {1987}
}

@Article{    nashnashcjis87,
  note    = {Originally presented at the 14th CAIS Conference,
      Vancouver, BC, June 24-28, 1986.  JNfile: 87CJIS-swandproctools.pdf},
  author  = {Nash, John C. and Nash, Mary M.},
  title    = {Software and procedural tools for productivity enhancement
      in specialized data entry applications},
  journal  = {Canadian Journal of Information Science},
  volume  = {12},
  number  = {1},
  pages    = {67-73},
  year    = {1987}
}

@Article{    nashriskrev87,
  month    = {March},
  author  = {Nash, John C.},
  title    = {Book Review: Risk Theory, Third Edition (R. E. Beard, T.
      Pentikainen, and E. Pesonen)},
  journal  = {SIAM Review},
  volume  = {29},
  number  = {1},
  pages    = {155-156},
    note = {JNfile: 87SIAMbookreviews-1.pdf},
  year    = {1987}
}

@Article{    nashactuarialrev87,
  month    = {December},
  author  = {Nash, John C.},
  title    = {Book Review: Actuarial Mathematics {(Harry H Panjer,
      editor)}},
  journal  = {SIAM Review},
  volume  = {29},
  number  = {4},
  pages    = {665-667},
    note = {JNfile: 87SIAMbookreviews-4.pdf},
  year    = {1987}
}

@Book{  jnmws87,
  isbn    = {0-8247-7819-7},
  language  = { English },
  note    = { This book includes the complete software on diskette.
      Republished combined with the previous item in electronic
      form by Nash Information Services Inc.: Ottawa, 1996. 
       JNfile: 87NLPEplus.zip},
  pages    = {xiii and 493},
  publisher  = { Marcel Dekker Inc.: New York },
  type    = { Book },
  author  = {Nash, John C. and Walker-Smith, Mary},
  title    = {Nonlinear parameter estimation: an integrated system in
      BASIC },
  year    = { 1987 }
}

@Article{    jnss87,
  author  = {Nash, John C. and Shlien, Seymour},
  title    = {Simple algorithms for the partial singular value
      decomposition},
  journal  = {Computer Journal},
  volume  = {30},
  number  = {3},
  pages    = {268-275},
    note = {JNfile: 87ComputerJ-Nash-Shlien-268-75.pdf},
  year    = {1987}
}

@Article{    nashcjisrev87a,
  author  = {Nash, John C.},
  title    = {Book Review: Selecting and Installing Software Packages:
      New Methodology for Corporate Implementation {(Jud
      Breslin)}},
  journal  = {Canadian Journal of Information Science},
  volume  = {12},
  number  = {2},
  pages    = {70-71},
    note = {JNfile: 87CJIS-BreslinReview.pdf},
  year    = {1987}
}

@Article{    nashcjisrev87b,
  author  = {Nash, John C.},
  title    = {Book Review: Office Information Technology: A
      Decision-Maker{'}s Guide to Systems Planning and
      Implementation {(R. Goldfield)}},
  journal  = {Canadian Journal of Information Science},
  volume  = {12},
  number  = {2},
  pages    = {71-72},
    note = {JNfile: 87CJIS-OfficeInfoTechreview.pdf},
  year    = {1987}
}

@inproceedings{ jn87iface,
    title = {Computing environment and installation influences on tests
       and benchmarks of statistical software},
    booktitle = {Proceedings of the 19th Symposium on the Interface, Computer
       Science and Statistics, Philadelphia, PA, March 8-11, 1987},
    author = {John C. Nash},
    editor = {Richard M. Heiberger and Marianne T. Martin},
    publisher = {American Statistical Association, Alexandria, VA},
    year = {1987},
    month = {March},
    pages = {213 -- 218},
    note = {JNfile: 87Iface-computingenvironment.pdf. Slides in 87iface-computingenvironmentslides.pdf}
}


@misc{ jnmws87ssc,
    title = {Sensitivity of nonlinear parameters to estimation criteria: 
             some selected examples and discussion},
    author = {John C. Nash and Mary Walker-Smith},
    year = {1987},
    month = {June},
    note = {Statistical Society of Canada annual meeting, Quebec, 
            Poster presentation. JNfile: 87SSCjnmws-poster.pdf}
}
%% Nash and MWS at SSC 87 Laval PQ p20 of SSC87program.pdf

@misc{ jnhomecomputer87,
    title = {So you want a home computer},
    author = {John C. Nash},
    year = {1987},
    note = {Limited distribution article. JNfile: 87SoYouWantAHomeComputer.pdf}
}

@misc{ value4expenditure87,
    title = {Value for expenditure on personal computers},
    author = {John C. Nash},
    year = {1987},
    note = {Limited distribution article. JNfile: 87Value4ExpenditureonPersonalComputers.pdf}
}

@misc{ cyclicreordering87,
    title = {Note: a cyclic permutation algorithm for reordering systems of equations},
    author = {John C. Nash},
    year = {1987},
    note = {Limited distribution article. JNfile: CyclicPermutationdraft87.pdf}
}

@misc{ jn87Hobart,
    title = {An A-Z of scientific computing on microcomputers},
    author = {John C. Nash},
    year = {1987},
    month = {Oct},
    note = {Talk presented to the Chemistry Department of the University of Tasmania, Oct 23, 1987.
        JNfile: 87Hobart.pdf}
}



%  ??     1987/extra-unpub/87UQueenslandReport.pdf


%% YY1986

@inproceedings{ jn86pubstat,
    title = {Publishing statistical software},
    booktitle = {Proceedings of Computer Science and Statistics: 18th Symposium on the Interface, 
           Fort Collins, Colorado, 19-21 March, 1986},
    author = {John C. Nash},
    editor = {T. J. Boardman},
    publisher = {American Statistical Association, Washington},
    year = {1986},
    pages = {244 -- 247},
    note = {Invited paper. Also Faculty of Administration, University of Ottawa, WP 86-21.
             JNfile: 86Interface-publishingStatSW.pdf}
}


@misc{ jncarletonsem86,
    title = {Impact of implementation and computing environment on 
    	the performance of function minimization algorithms},
    author = {John C. Nash},
    year = {1986},
    month = {September},
    note = {Seminar to Department of Systems and Computer Engineering, September 24, 1986.
    	JNfile: 860924CarletonSeminar.pdf}
}

@inproceedings{ jn85LexKeynote,
    title = {Taking it with you -- portable statistical computing (Keynote Address)},
    booktitle = {Proceedings of Computer Science and Statistics: 17th Symposium on the Interface, 
           Lexington, 17-19 March, 1985},
    author = {John C. Nash},
    editor = {David M. Allen},
    publisher = {Springer, New York},
    year = {1986},
    pages = {3 -- 8},
    note = {JNfile: 85Interface-KeynoteJN.pdf, 85Lexington-keynoteslides.pdf}
}


@inproceedings{ jn85IfaceMeasuring,
    title = {Measuring the performance of statisticians with statistical software},
    booktitle = {Proceedings of Computer Science and Statistics: 17th Symposium on the Interface, 
           Lexington, 17-19 March, 1985},
    author = {John C. Nash},
    editor = {David M. Allen},
    publisher = {Springer, New York},
    year = {1986},
    pages = {302 -- 316},
    note = {Notes of a workshop held at the symposium. 
      JNfile: 85Interface-MeasuringPerformanceStatisticians.pdf, 
       85Lexington-workshopslides.pdf}
}


@inproceedings{ jn86LondonEIC,
    title = {Microcomputers, standards, and engineering calculations},
    booktitle = {Proceedings of the 5th Canadian Conference on Engineering Education, 
	University of Western Ontario, London, Ontario, May 12-13, 1986},
    author = {John C. Nash},
    editor = {Peter Rosati},
    publisher = {Engineering Institute of Canada, Montreal, QC},
    year = {1986},
    pages = {302 -- 316},
    note = {JNfile: 86EIC-London.pdf}
}


@Misc{      nashwrightbizfcs86,
  author  = {Nash, John C. and Wright, David},
  title    = {Business Forecasting: a three-day course},
    note = {JNfile: 86BizFcst-JNDW.pdf},
  year    = {1986}
}


@Unpublished{ jn1986kbtable,
  author  = {Nash, John C.},
    title = {No-waste Keyboard/Printer Table},
    year = {1986},
    note = {JNfile: 86KeyboardPrintertabledesign.pdf,  Industrial design}
}


@Article{    nashtomsw86,
  bibsource  = {DBLP, http://dblp.uni-trier.de},
  ee    = {http://doi.acm.org/10.1145/7921.214334},
  author  = {Nash, John C. and Wang, R. L. C.},
  title    = {Algorithm 645: Subroutines for testing programs that
      compute the generalized inverse of a matrix},
  journal  = {ACM Trans. Math. Softw.},
  volume  = {12},
  number  = {3},
  month = {Sept},
  pages    = {274-277},
    note = {JNfile: 86NashWangAlg645b.pdf},
  year    = {1986}
}

@Article{    jnmm-cjis86,
  note    = {This was presented at the Canadian Association for Information Science
	1987 conference, but published in the very late 1986 edition of the journal!
        Also reprinted as University of Ottawa, Faculty of
      Administration Working Paper 87-6, 1987. JNfile: 86CJIS-holidaysdb-CAIS87.pdf, 
	87WP06-HolidaysDB.pdf},
  author  = {Nash, John C. and Nash, Mary M.},
  title    = {Building a database of secular and religious holidays for
      world-wide use},
  journal  = {Canadian Journal of Information Science},
  volume  = {11},
  number  = {3/4},
  pages    = {38-47},
  year    = {1986}
}

@Article{    nashcjisbr86,
  author  = {Nash, John C.},
  title    = {Book Review: Developments in Expert Systems (edited by M.
      J. Coombs)},
  journal  = {Canadian Journal of Information Science},
  volume  = {11},
  pages    = {41-42},
    note = {JNfile: 86CJISbookreview.pdf},
  year    = {1986}
}

@Article{    nashimsl86a,
  month    = {November},
  author  = {Nash, John C.},
  title    = {Software Review: IMSL STAT/PC Library},
  journal  = {The American Statistician},
  volume  = {40},
  number  = {4},
  pages    = {301-303},
    note = {JNfile: 86AmstatStatPC2684610.pdf},
  year    = {1986}
}

@Article{    nashimsl86b,
  month    = {November},
  author  = {Nash, John C.},
  title    = {Software Review: IMSL MATH/PC Library},
  journal  = {The American Statistician},
  volume  = {40},
  number  = {4},
  pages    = {303-306},
    note = {JNfile: 86AmstatMathPC2684611.pdf},
  year    = {1986}
}


@Article{    jnmws86infor,
  month    = {May},
  author  = {Nash, John C. and Walker-Smith, Mary},
  title    = {Using compact and portable function minimization codes in
      forecasting applications},
  journal  = {INFOR},
  volume  = {24},
  number  = {2},
  pages    = {158-168},
    note = {JNfile: 86NashWalkerSmith6288015.pdf},
  year    = {1986}
}

@Misc{ jnmn86microsem,
  author = {Nash, John C. and Nash, Mary},
  title    = {Managing personal computers and their applications},
  organization = {Faculty of Administration, University of Ottawa and
        Nash Information Services Inc.},
  note = {Slides for an all-day training seminar, April 28, 1986. 
            JNfile: 86MicrocomputerSeminar.pdf},
  month  = {April}, 
  year    = {1986}
}

@Misc{ jn86IOprocesses,
  author = {Nash, John C.},
  title    = {On timing input-output processes},
  organization = {Faculty of Administration, University of Ottawa},
  note = {Discussion document. JNfile: 86timingIOprocesses.pdf},
  year    = {1986}
}

%% YY1985

@Misc{      nash85SSC,
  author  = {Nash, John C.},
  title    = {Which way for statistical software},
    note = {JNfile: 85WinnipegWhichWay4StatSW-slides.pdf. SSC meeting at 
             University of Manitoba, Winnipeg (June 2-4)},
  year    = {1985}
}

@Misc{      nashc85timebook,
  author  = {Nash, John C.},
  title    = {Time and Money Calculations},
    note = {Sections for a book on this topic. Year is approximate. JNfile: timebook-c1985.pdf},
  year    = {1985}
}


@Misc{      nashc85timecalcs,
  author  = {Nash, John C.},
  title    = {Some BASIC programs for working with dates},
    note = {Listings. Year is approximate. JNfile: timecalcs-c1985.pdf},
  year    = {1985}
}




%% 85-computers-personalhistory.pdf
@Misc{      nash85comppersonal,
  author  = {Nash, John C.},
  title    = {Computers - a personal history},
    note = {JNfile: 85-computers-personalhistory.pdf dated 19840424},
  year    = {1985}
}



%% 85NashThomasdraft.pdf
@Misc{      nashthomas85,
  author  = {Nash, John C. and Thomas, Roland},
  title    = {Statistical software: user needs and wants and how they are met},
    note = {JNfile: 85NashThomasdraft.pdf},
  year    = {1985}
}

%% 85CORSMeeting-Oct.pdf
@Misc{      nash1985ORsw,
  month    = {October},
  author  = {Nash, John C.},
  title    = {Microcomputer software for OR},
    note = {Special meeting on OR Software -- Fall Meeting of the Canadian
             Operations Research Society Ottawa Section. One of three presentations.
             No document available.},
  year    = {1985}
}

%% 85BhopalIncident.pdf
@Book{  bhopal85,
  isbn    = { },
  language  = { English },
  note    = {JNfile: 85BhopalIncident.pdf},
  publisher  = {Authors},
  type    = { Book },
  author  = {Nash, John C. and Charlton, Joseph R. and Delaney, Stephen J. and Lahaie Alain},
  title    = {The Bhopal Incident: Origins, Issues and Impacts},
  year    = {1985}
}

@InProceedings{  85CAISDataStructures,
  publisher  = {Canadian Association for Information Science},
  booktitle  = {Proceedings of the 13th Annual Canadian Conference on Information
               Science, Montreal, June 4-6, 1985},
  author  = {Nash, John C. and Nash, Mary M. },
  title    = {General data structures for time and money programs},
  pages    = {113--120},
  note = {JNfile: 85GeneralDataStructures4TimeandMoney.pdf},
  year    = {1985}
}


@Article{    nash1985scientific,
  month    = {December},
  author  = {Nash, John C.},
  title    = {Scientific applications software},
  journal  = {Byte},
  volume  = {10},
  number  = {13},
  pages    = {145-150},
  note = {JNfile: 85ScientAppSw198512.pdf},
  year    = {1985}
}


@Article{    nash1985applications,
  author  = {Nash, John C.},
  title    = {Applications num{\'{e}}riques sur petits ordinateurs},
  journal  = {(avec M. Lafleur) AMIQ-INFO, n},
  volume  = {2},
  pages    = {27-29},
    note = {JNfile: 85amiqinfo.pdf},
  year    = {1985}
}

@TechReport{    nash1985limiting,
  institution  = {University of Ottawa, Faculty of Administration},
  author  = {Nash, John C.},
  title    = {Limiting errors in day-to-day calculation},
  year    = {1985},
  note = {JNfile: 85WP40-LimitingErrors-full.pdf},
  number  = {Working Paper 85-40}
}

@Article{    nash1985statistical,
  month    = {March},
  author  = {Nash, John C.},
  title    = {Statistical analysis on microcomputers},
  journal  = {SIAM News, v. 18, n},
  volume  = {2},
  pages    = {4},
    note = {JNfile: 85SIAMNews-StatAnalysisonMicrocomputers.pdf},
  year    = {1985}
}

@Article{    nash1985v,
  month    = {February},
  note    = {Introduction to theme section of this magazine issue for
      which John Nash was contributing editor. JNfile: 85byte-jhw.pdf},
  author  = {Nash, John C.},
  title    = {Sciences},
  journal  = {Byte},
  volume  = {10},
  number  = {2},
  pages    = {175},
  year    = {1985}
}

@Article{    nash1985birth,
  month    = {February},
  author  = {Nash, John C.},
  title    = {The birth of a computer. An interview with {James H.
      Wilkinson} on the building of a computer designed by {Alan
      Turing}},
  journal  = {Byte},
  volume  = {10},
  number  = {2},
  pages    = {177-194},
    note = {JNfile: 85byte-jhw.pdf},
  year    = {1985}
}

@Misc{      nash1985which,
  month    = {March},
  publisher  = {American Statistical Association Ottawa Chapter},
  author  = {Nash, John C.},
  title    = {Which tools to use in statistical analysis {--} choices of
      hardware and software},
    note = {JNfile: 85WhichSWworkshop.pdf, 85ASAworkshop-whichtools.pdf},
  year    = {1985}
}

@TechReport{    nash1985why,
  month    = {January},
  institution  = {University of Ottawa, Faculty of Administration Working
      Paper 85-03},
  author  = {Nash, John C.},
  title    = {Why and how is BASIC useful?},
  year    = {1985},
    note = {JNfile: 85WP3WhyHowBasic.pdf},
  number  = {03}
}

@Article{    nashcacmlinalg85,
  month    = {January},
  note    = {Also published as University of Ottawa, Faculty of
      Administration Working Paper 83-25, 1983. Technical
      Correspondence on this paper appears in Communications of
      the ACM, v.28, n.10, pages 1086-1087, October 1985.
      JNfile: 85CACMp89-nash.pdf, 85ACMp1086-tech\_correspondence.pdf, 
           83WP25SmalLinAlgPackage.pdf},
  author  = {Nash, John C.},
  title    = {Design and implementation of a very small linear algebra
      program package},
  journal  = {Communications of the Association for Computing
      Machinery},
  volume  = {28},
  number  = {1},
  pages    = {89-94},
  year    = {1985}
}

%% YY1984

@Manual{   jn84Morpay,
  note    = {Software for mortgage calculations. There were several releases over time, 
             in particular in 1990 and 1991. The Software was originally developed using
	    North Star computers, but later reworked for Microsoft DOS.
            JNfile: 84MORPAY.pdf},
  author  = {Nash, John C.},
  title    = {{MORPAY User Manual}},
  year    = {1984}
}

@Manual{    nash85leqb05,
  publisher  = {Nash Information Services Inc., Ottawa},
  author  = {Nash, John C.},
  title    = {LEQB05 User{'}s Guide: a very small linear algebra program
      package},
  note = {JNfile: 85LEQB05UserGuide.pdf, revised 1985. Note also PLASTIC, 840124, 84PLASTIC-LinAlgProg.pdf},
  month = {July},
  year    = {1984}
}

@Unpublished{    nash1984estimation,
  month    = {September},
  author  = {Nash, John C.},
  title    = {Estimation of input-output conversion factors in
      productivity monitoring},
  note    = {To record a particular use of the singular value
      decomposition. JNfile: 84inoutestimation.pdf},
  year    = {1984}
}

%% 84StatExamDB.pdf
@Misc{    jn84ExamDB,
  note    = {JNfile:  84StatExamDB.pdf},
  author  = {Nash, John C.},
  title    = {A proposal for an examination and problem database for applied statistics},
  month = {April},
  year    = {1984}
}


@InProceedings{  84CAISJustifying,
  publisher  = {Canadian Association for Information Science},
  booktitle  = {Proceedings of the 12th Annual Canadian Conference on Information
               Science, Toronto, May 14-16, 1984},
  author  = {Nash, John C. and Nash, Mary M. },
  title    = {Justifying one-time use programs for special database applications},
  pages    = { 133--141},
  note = {Also Faculty of Administration WP 84-25. JNfile: 84CAIS-NashNash.pdf and 84CAIS-NashNash-slides.pdf,
          and second scan 84CAIS-NashNash-JustifyingOneTimeUse.pdf},
  year    = {1984}
}

@Misc{    jn84Delaware,
  note    = {Invited talk at "Microcomputers \& Statistics", Newark, Delaware, 
             April 30, 1984. JNfile: 84-0430NewarkDelaware.pdf},
  author  = {Nash, John C.},
  title    = {Solving difficult parameter estimation problems with microcomputers},
  month = {April},
  year    = {1984}
}


%% 84-0322Boulder.pdf
@Misc{    jn84packaging,
  note    = {Presented at "Microcomputers \& Mathematical Software", Boulder, CO, 
             March 22, 1984. JNfile: 84-0322Boulder.pdf},
  author  = {Nash, John C.},
  title    = {Packaging collections of mathematical software for lower-priced
              commercial personal computers},
  month = {March},
  year    = {1984}
}


%% 84Timingmovement.pdf
@Unpublished{    nash1984timing,
  author  = {Nash, John C.},
  title    = {On timing movements between storage modes},
  note    = {JNfile: 84Timingmovement.pdf},
  year    = {1984}
}

@Article{  jn2hats84,
  author = {Nash, John C.},
  title = {To hats},
  journal =  {{The Amateur Musician / Le Musicien Amateur}},
  number = {23},
  volume = {1984},
  pages = {2}, 
  month = {January},
  year = {1984},
  referee = {no},
  note = {JNfile: 84-ToHats.pdf}
} 


@Article{    jnmn-microrev84,
  month    = {April},
  author  = {Nash, John C. and Nash, Mary M.},
  title    = {Book Review: {A micro handbook for small libraries and
      media centers (Betty Costa and Marie Costa)}},
  journal  = {Canadian Library Journal},
  volume  = {41},
  number  = {2},
  pages    = {100},
  referee = {no},
  note = {JNfile: 84CLJ-CostaBookRev.pdf},
  year    = {1984}
}

@Book{  jnespssm84,
  isbn    = { },
  language  = { English },
  note    = { (front matter only) JNfile: 84summaryESPSSCbook.pdf},
  publisher  = { Reston Publishing Company : Reston, Virginia },
  type    = { Book },
  author  = {Nash, John C.},
  title    = { Effective scientific problem solving with small computers},
  year    = {1984 }
}


@TechReport{    nash1984microcomputer,
  note    = {Presented to the Committee for Programming Languages of
      the Canadian Standards Association, Montreal, June 12,
      1984. Revised presentation to Ottawa PC Users{'} Group,
      October 31, 1984. JNfile: 84MicrocomputerSoftwareTrendsSlides.pdf
          and in 1985, 85WP22MicrocomputerSoftware.pdf},
  institution  = {University of Ottawa, Faculty of Administration},
  author  = {Nash, John C.},
  title    = {Microcomputer software: trends and hopes},
  number  = {Working Paper 85-22},
  year    = {1984}
}

@TechReport{    nash1984portable,
  month    = {December},
  institution  = {University of Ottawa, Faculty of Administration},
  author  = {Nash, John C. and Sande, Gordon and Young, George},
  title    = {A portable mixed congruential pseudo-random number
      generator with very long period},
  number  = {Working Paper 84-67},
  note = {JNfile: WP84-67NashSandeYoung.pdf},
  year    = {1984}
}

@TechReport{    nash1984simple,
  institution  = {University of Ottawa, Faculty of Administration},
  author  = {Nash, John C. and Baxter, Pamela},
  title    = {Simple simulation as an alternative to traditional
      statistical analysis in studying discrimination in hiring},
  note = {JNfile: 85NashBaxter.pdf. Correspondence in 1984/extra-unpub/NashBaxter1985journalcorr.pdf
       because exchanges took place in 1985.},
  year    = {1984}
}

@TechReport{    nash1984weekly,
  month    = {December},
  institution  = {Nash Information Services Inc.},
  author  = {Nash, John C.},
  title    = {Weekly mortgages {--} an example of calculation
      difficulties},
  note = {JNfile: 84WeeklyMortgages.pdf},
  year    = {1984}
}

%% YY1983

@Misc{ 83statsday,
  author  = {Nash, John C.},
  title = {Statistical analysis on a microcomputer},
  note = {Presented by Mary Nash to the February 17, 1983, Statistics Day, 
          Statistical Society of Ottawa. Author was in Geneva representing Canada at
	  the International Standards Organization Working Group for Minimal BASIC where
          ISO\/IEC 6373:1984 "Data Processing -- Programming Languages -- Minimal BASIC"
          was approved. JNfile: 83-three-presentations-slides.pdf},
  month = {Feb},
  year = {1983}
}


@Misc{ 83lunchsem,
  author  = {Nash, John C.},
  title = {Micros and Statistical Practice},
  note = {JNfile: 83-three-presentations-slides.pdf},
  year = {1983}
}


@Misc{ 83Vermont,
  author  = {Nash, John C.},
  title = {Use of Microcomputers in Statistical and Mathematical Consulting},
  note = {Talk to the Mathematics Department, University of Vermont. Part of the 
          Society for Industrial and Applied Mathematics Visiting Lecturer program, 
          1982 - 1983. JNfile: 83-three-presentations-slides.pdf},
  year = {1983}
}

@Misc{ 83designbookkeep,
  author  = {Nash, John C.},
  title = {Design considerations for a small-business book-keeping system},
  note = {Working document, Faculty of Administration, University of Ottawa. 
          JNfile: 83DesignConsiderations4flexibook.pdf},
  year = {1983}
}


@InProceedings{  interface83nuts,
  publisher  = {Springer, New York},
  booktitle  = {Proceedings of Computer Science and Statistics: 
               14th annual Symposium on the Interface: July 5 - 7, 1982, 
               Rensselaer Polytechnic Institute, Troy, NY,
               Karl W Heiner, John W Wilkinson, and Richard S Sacher (eds.)},
  author  = {Nash, John C.},
  title    = {Where to find the nuts and bolts: Sources of software},
  pages    = { 86--90 },
  note = {JNfile: 83NutsandBolts.pdf},
  year    = {1983}
}


@Article{    nash1983finding,
  month    = {August},
  author  = {Nash, John C. and D. J. Anderson},
  title    = {Finding the location of a variable in {North Star BASIC}},
  journal  = {Microsystems},
  volume  = {4},
  number  = {8},
  pages    = {98-106},
  note = {JNfile: 83Microsystems.pdf},
  year    = {1983}
}

@TechReport{    nash1983microcomputers,
  institution  = {University of Ottawa, Faculty of Administration},
  author  = {Nash, John C. and Battiste, Ed},
  title    = {Micro-computers and mathematical software},
  number  = {Working Paper 83-29},
  note = {JNfile: WP83-29Battiste-Nash.pdf},
  year    = {1983}
}

@TechReport{    nash1983microcomputers1,
  institution  = {University of Ottawa, Faculty of Administration},
  author  = {Nash, John C.},
  title    = {Microcomputers and statistical practice},
  number  = {Working Paper 83-51},
  note = {JNfile: WP83-51NashStatPractice.pdf},
  year    = {1983}
}

@InProceedings{ nash1983nlreg1,
  title  = {Approaches to nonlinear regression on very small computers},
  author  = {Nash, John C.},
  publisher = {American Statistical Association, Washington DC},
  booktitle = {1983 Proceedings of the Business and Economics Statistics Section},
  pages = {75-80},
  note    = {Also University of Ottawa, Faculty of Administration, Working Paper 83-58,
             JNfile: 83Approaches2NonlinRegrn.pdf, JNfile: WP83-58.pdf. Slides also
             available but not scanned.},
  year    = {1983}
}

@InProceedings{    nash1983halifax,
  institution  = {University of Ottawa, Faculty of Administration},
  author  = {Nash, John C. and Mary M. Nash},
  title    = {Hardware and software standards considerations for the small computer user}, 
  booktitle = {Proceedings of the 11th Canadian Conference on Information Science, Halifax, N.S.},
  note = {Also published as University of Ottawa, Faculty of Administration 
           Working Paper 83-45. JNfile: 83CAIS-JNMNHalifax.pdf, 
           JNfile: 83WP83-45JNMN-HWSWstandardsCover.pdf},
  pages = {135--141},
  month = {May}, 
  year    = {1983}	
}

@Article{ jnia83-2,
  author  = {Nash, John C. and Nash, Mary M.},
  title = {The Timex Sinclair 1000},
  howpublished = {Interface Age, v.8, n.2, February 1983, pages 96,99},
  journal = {Interface Age}, 
  referee = {no}, 
  volume = {8},
  number = {2},
  pages = {96,99},
  month = {February},
  note = {JNfile: 83-ia-feb.pdf},
  year = {1983}
}

%% YY1982

@TechReport{ nash1982HJ2ndLook,
  institution  = {University of Ottawa, Faculty of Administration},
  author  = {Nash, John C.},
  title    = {{A second look at the Hooke and Jeeves algorithm}},
  note = {JNfile: 82-2ndLookHookeandJeeves.pdf},
  year    = {1982}
}


@TechReport{ nash1982TrendLines,
  institution  = {University of Ottawa, Faculty of Administration},
  author  = {Nash, John C.},
  title    = {Trend Lines},
  note = {JNfile: 82-TrendLines.pdf},
  year    = {1982}
}


@Booklet{    nash19821983,
  author  = {Nash, John C. and Lambert, Annick},
  title    = {Selected Statistical Tables/Quelques Tables Statistiques},
  note    = {Also 1983, 1984 (total of 4 printings), JNfile: 84-SelectedStatTables.pdf},
  howpublished  = {University of Ottawa, Faculty of Administration},
  year    = {1982}
}

@Article{ jnia82-10,
  author  = {Nash, John C. and Nash, Mary M.},
  title = {The Sinclair ZX81},
  howpublished = {Interface Age, v.7, n.10, October 1982, pages 92,94,95,96,97},
  journal = {Interface Age}, 
 referee = {no}, 
  volume = {7},
  number = {10},
  pages = {92,94,95,96,97},
  month = {October},
  note = {JNfile: 82-ia-oct.pdf},
  year = {1982}
}

@Article{ jnia82-9,  
  author  = {Nash, John C.},
  title = {Book review: Microcomputer Math},
  howpublished = {Interface Age, v.7, n.9, September 1982, page 124.},
  journal = {Interface Age}, 
 referee = {no}, 
  volume = {7},
  number = {9},
  pages = {124},
  month = {September},
  note = {Book review. JNfile: 82-ia-sep.pdf},
  year = {1982}
}

@Article{ jnia82-7,
  author  = {Nash, John C.},
  title = {Orthogonalization - more matrix decompositions},
  howpublished = {Interface Age, v.7, n.7, July 1982, pages 38,40,41.},
  journal = {Interface Age}, 
 referee = {no}, 
  volume = {7},
  number = {7},
  pages = {38,40,42,148},
  month = {July},
  note = {JNfile: 82-ia-july.pdf},
  year = {1982}
}

@Article{ jnia82-6,
  author  = {Nash, John C.},
  title = {Gaussian Elimination},
  howpublished = {Interface Age, v.7, n.6, June 1982, pages 33,34.},
  journal = {Interface Age}, 
 referee = {no}, 
  volume = {7},
  number = {6},
  pages = {33,34, 132,133,134,135},
  month = {June},
  note = {JNfile: 82-ia-june.pdf},
  year = {1982}
}

@Article{ jnia82-5,
  author  = {Nash, John C.},
  title = {Function Minimization by Gradient Methods},
  howpublished = {Interface Age, v.7, n.5, May 1982, pages 28,31,33,146,147,148.},
  journal = {Interface Age}, 
 referee = {no}, 
  volume = {7},
  number = {5},
  pages = {28,31,33,146,147,148},
  month = {May},
  note = {JNfile: 82-ia-may.pdf},
  year = {1982}
}

@Article{ jnia82-4,
  author  = {Nash, John C.},
  title = {Forecasting - a tool for business},
  howpublished = {Interface Age, v.7, n.4, April 1982, pages 34,36,38,39,40.},
  journal = {Interface Age}, 
 referee = {no}, 
  volume = {7},
  number = {4},
  pages = {34,36,38,39,40},
  month = {April},
  note = {JNfile: 82-ia-apr.pdf},
  year = {1982}
}
 
@Article{ jnia82-3c,
  author  = {Doug J. Anderson and Nash, John C.},
  title = {Catalog Builder},
  howpublished = {Interface Age, v.7, n.3, March 1982, pages 98,156,157.},
  journal = {Interface Age}, 
 referee = {no}, 
  volume = {7},
  number = {3},
  pages = {98,156,157},
  month = {March},
  note = {JNfile: 82-ia-march82cb.pdf, 82CATALOG-BUILDER-doc.pdf},
  year = {1982}
}

@Article{ jnia82-3,
  author  = {Nash, John C.},
  title = {Function minimization},
  howpublished = {Interface Age, v.7, n.3, March 1982, pages 34,36,38,39,40,42.},
  journal = {Interface Age}, 
 referee = {no}, 
  volume = {7},
  number = {3},
  pages = {34,36,38,39,40,42,146,147},
  month = {March},
  note = {JNfile: 82-ia-march.pdf},
  year = {1982}
}
 


@Article{ jnia82-2,
  author  = {Nash, John C.},
  title = {Optimization: Finding the Best},
  howpublished = {Interface Age, , v.7, n.2, February 1982, pages 34,36,37,38.},
  journal = {Interface Age}, 
 referee = {no}, 
  volume = {7},
  number = {2},
  pages = {34,36,38,39.},
  month = {February},
  note = {JNfile: 82-ia-feb.pdf},
  year = {1982}
}
 
@Article{ jnia82-1,
  author  = {Nash, John C.},
  title = {General Sources of Mathematical Software},
  howpublished = {Interface Age, v.7, n.1, January 1982, pages 30,33.},
  journal = {Interface Age}, 
 referee = {no}, 
  volume = {7},
  number = {1},
  pages = {30,33},
  month = {January},
  note = {JNfile: 82-ia-jan.pdf},
  year = {1982}
}

@Manual{ Flexibook82,
  author  = {Nash, John C.},
  title = {{FLEXIBOOK}: a flexible book-keeping package for North Star computers},
  organization = {Nash Information Services Inc.},
  note = {Software manual. JNfile: Flexibook82.pdf},
  year = {1982}
}

%% YY1981

@Article{    jnsignum81,
  month    = {March},
  author  = {Nash, John C.},
  title    = {Function Minimization of Special Computers},
  journal  = {Signum Newsletter},
  volume  = {16},
  number  = {1},
  pages    = {14--17, 25},
  note = {JNfile: 81signum.pdf},
  year    = {1981}
}

@InProceedings{    jnnlmicro81,
  publisher  = {Springer, New York},
  booktitle  = {Proceedings of Computer Science and Statistics: 
               13th annual Symposium on the Interface : March 12 \& 13, 1981, Carnegie-Mellon University, 
               Pittsburgh, Pennsylvania,
               William F. Eddy (ed.)},
  author  = {Nash, John C.},
  title    = {Fitting two straight lines},
  pages    = { 363--366 },
  note = {JNfile: 81-jnnlmicro.pdf. },
  year    = {1981}
}


@Article{    jnmncljrev81,
  month    = {August},
  author  = {Nash, John C. and Nash, Mary M.},
  title    = {Libraries and small computers {--} a perspective for
      decision-making},
  journal  = {Canadian Library Journal},
  volume  = {38},
  number  = {4},
  pages    = {207-211},
  note = {JNfile: 81CLJ-JNMN.pdf},
  year    = {1981}
}

@Article{ jnia81-12,
  author  = {Nash, John C.},
  title = {The Comstar Compiler},
  howpublished = {Interface Age, v.6, n.12, December 1981, pages 40,41,42,43.},
  journal = {Interface Age}, 
 referee = {no}, 
  volume = {6},
  number = {12},
  pages = {40,41,42,43},
  month = {December},
  note = {JNfile: 81-ia-dec.pdf},
  year = {1981}
}

@Article{ jnia81-11,
  author  = {Nash, John C.},
  title = {Binary Machines That Round},
  howpublished = {Interface Age, v.6, n.11, November 1981, pages 30,33.},
  journal = {Interface Age}, 
 referee = {no}, 
  volume = {6},
  number = {11},
  pages = {30,33},
  month = {November},
  note = {JNfile: 81-ia-nov.pdf},
  year = {1981}
}


@Article{ jnia81-10,
  author  = {Nash, John C.},
  title = {Internal Functions},
  howpublished = {Interface Age, v.6, n.10, October 1981, pages 36,37,38.},
  journal = {Interface Age}, 
 referee = {no}, 
  volume = {6},
  number = {10},
  pages = {36-38},
  month = {October},
  note = {JNfile: 81-ia-oct.pdf},
  year = {1981}
}
 

@Article{ jnia81-09,
  author  = {Nash, John C.},
  title = {Fundamental Statistical Calculations},
  howpublished = {Interface Age, v.6, n.9, September 1981, pages 40,41,42.},
  journal = {Interface Age}, 
 referee = {no}, 
  volume = {6},
  number = {9},
  pages = {40--42},
  month = {September},
  note = {JNfile: 81-ia-sept.pdf},
  year = {1981}
}

@Article{ jnia81-8,
  author  = {Nash, John C.},
  title = {Infinite Series: Knowing When to Stop},
  howpublished = {Interface Age, v.6, n.8, August 1981, pages 36,37,38.},
  journal = {Interface Age}, 
 referee = {no}, 
  volume = {6},
  number = {8},
  pages = {34-36},
  month = {August},
  note = {JNfile: 81-ia-aug.pdf},
  year = {1981}
}

@Article{ jnia81-7,
  author  = {Nash, John C.},
  title = {Quadratic Equations: Computers fail high school math},
  howpublished = {Interface Age, v.6, n.7, July 1981, pages 28,29,30,33.},
  journal = {Interface Age}, 
 referee = {no}, 
  volume = {6},
  number = {7},
  pages = {28,29,30,33},
  month = {July},
  note = {JNfile: 81-ia-july.pdf},
  year = {1981}
}

@Article{ jnia81-6,
  author  = {Nash, John C.},
  title = {Operations on Floating-point Numbers},
  howpublished = {Interface Age, v.6, n.6, June 1981, pages 30,33,34.},
  journal = {Interface Age}, 
 referee = {no}, 
  volume = {6},
  number = {6},
  pages = {30,33,34},
  month = {June},
  note = {JNfile: 81-ia-june.pdf},
  year = {1981}
}

@Article{ jnia81-5,
  author  = {Nash, John C.},
  title = {Determining Floating-point Properties},
  howpublished = {Interface Age, v.6, n.5, May 1981, pages 30,31,33.},
  journal = {Interface Age}, 
 referee = {no}, 
  volume = {6},				
  number = {5},
  pages = {30,31,33},
  month = {May},
  note = {JNfile: 81-ia-may.pdf},
  year = {1981}
}

@Misc{ IEEE754committee,
  author  = {various},
  title = {IEEE P754 voting committee members at time of adoption of the 
           proposed graph},
  journal = {IEEE Computer},
  month   = {March},
  pages   = {62}, 
  note = {John C. Nash was a member of this working group that adopted the IEEE
          P754 standard for binary floating point arithmetic. JNfile: 81IEEE754committee.pdf},
  year = {1981}
}

%% YY1980

@Misc{ HS-RoadSafety80,
  author  = {Nash, John C. and others},
  title    = {{Review of the Public Complaints System}},
  note = {A report to Road Safety Division, Transport Canada, by Hickling-Smith Inc. 
          JNfile: 1980-HS-RoadSafetyReport.pdf},
  year    = {1980}
}


@Misc{ Nashlib80,
  author  = {Nash, John C.},
  title    = {{NASHLIB: Algorithms for Compact Numerical Methods, now available in FORTRAN}},
  note = {JNfile: NASHLIB-circa1980.pdf},
  year    = {1980}
}


@Article{    nashcjae80,
  month    = {November},
  author  = {Nash, John C.},
  title    = {Probl{\`{e}}mes math{\'{e}}matiques soulev{\'{e}}s par les
      mod{\`{e}}les {\'{e}}conomiques},
  journal  = {Canadian Journal of Agricultural Economics},
  volume  = {28},
  number  = {3},
  pages    = {51-57},
  note = {JNfile: CJAE-problemesj.1744-7976.1980.tb01953.x.pdf},
  year    = {1980}
}

@Article{    nashsweep80,
  month    = {August},
  author  = {Nash, John C.},
  title    = {SWEEP Operator},
  journal  = {The American Statistician},
  volume  = {34},
  number  = {3},
  pages    = {190},
  note = {JNfile: 80Sweep2683892.pdf},
  year    = {1980}
}

@Article{ jnia80-9,
  author  = {Nash, John C.},
  title = {Generalized Inverse Matrices: A Practical Tool for Matrix Methods on Microcomputers},
  howpublished = {Interface Age, v.5, n.9, September 1980, pages 32,34,35,36,37,38,39},
  journal = {Interface Age}, 
  referee = {no}, 
  volume = {5},
  number = {9},
  pages = {32,34,35,36,37,38,39},
  month = {September},
  note = {JNfile: ia-sept80.pdf},
  year = {1980}
}

@Article{ jnia80-3,
  author  = {Nash, John C.},
  title = {Comments on mortgages},
  howpublished = {Interface Age,  v.5, n.3, March 1980, page 11.},
  journal = {Interface Age}, 
  referee = {no}, 
  volume = {5},
  number = {3},
  pages = {11},
  month = {March},
  note = {JNfile: ia-mar80.pdf},
  year = {1980}
}

%% YY1979
@Misc{    jn79irr,
  note    = {Draft note sent to W. Kahan based on ideas of Gordon Sande.
             JNfile: 79IRRtests.pdf},
  author  = {Nash, John C.},
  title    = {Tests of the internal rate of return program of an HP-27 calculator.},
  year    = {1979}
}


@Misc{    jnag79cgii,
  note    = {Draft paper sent to Alan George, U. Waterloo. Not completed. Included here
             because the idea may have utility in some applications such as image refinement. 
             JNfile: 79ItImpbyCG.pdf},
  author  = {Nash, John C.},
  title    = {Iterative improvement of conjugate gradient linear equation solutions},
  year    = {1979}
}

@Article{    jnajae79,
  month    = {November},
  author  = {Nash, John C.},
  title    = {Accuracy of least squares computer programs:another
      reminder: comment},
  journal  = {American Journal of Agricultural Economics},
  volume  = {61},
  number  = {4},
  pages    = {703-709},
  note = {JNfile: 79AmJAEcon4622378.pdf},
  year    = {1979}
}

@Article{    jncjae79,
  month    = {July},
  author  = {Nash, John C.},
  title    = {Book review of "Introductory Economic Statistics" by {Anne
      C. Mayes and David G. Mayes}},
  journal  = {Canadian Journal of Agricultural Economics},
  volume  = {27},
  number  = {2},
  pages    = {95-96},
  note = {JNfile: bookreview-cjae-j.1744-7976.1979.tb02940.x.pdf},
  year    = {1979}
}


@InProceedings{    jnkp79tsl,
  publisher  = {University of Waterloo, Ontario, Canada},
  month    = {May},
  booktitle  = {Proceedings of Computer Science and Statistics: 
               12th annual Symposium on the Interface : May 10 \& 11, 1979, University of Waterloo, 
               Waterloo, Ontario, Canada,
               Jane Gentleman (ed.)},
  author  = {Nash, John C. and Kevin Price},
  title    = {Fitting two straight lines},
  pages    = { 363--367 },
  note = {JNfile: 78Fitting2StraightLines.pdf. Page numbers may be in error. 
	  Also Engineering and Statistical Research Institute, Agriculture
               Canada, Contribution No. I-99, 1978},
  year    = {1979}
}


%% YY1978

@Misc{    jn78prodnfruits,
  note    = {Comment for use by Agriculture Canada economists. JNfile: 78ProdnDistnFruits.pdf},
  author  = {Nash, John C.},
  title    = {Calculation of properties of the production distribution of selected fruits},
  year    = {1978}
}


@Misc{    jn78smallvsbig,
  note    = {Draft paper that was never completed.
             JNfile: 78SmallvsBigdraft.pdf},
  author  = {Nash, John C.},
  title    = {Small programs vs big programs: the difficulties of comparison illustrated
              by some examples from mathematical software},
  year    = {1978}
}

@InProceedings{    jn78fit,
  publisher  = {Agriculture Canada},
  month    = {December},
  booktitle  = {Proceedings of a Statistical Workshop of October 16-20},
  author  = {Nash, John C.},
  title    = {Fitting nonlinear models},
  pages    = {33},
  note = {JNfile: 78ESRI-Workshop.pdf, 78-FittingNonlinearModels-slides.pdf},
  year    = {1978}
}


@InProceedings{    jn78informal,
  publisher  = {IEEE, New York},
  month    = {December},
  booktitle  = {Proceedings of the Second Rocky Mountain Symposium on Microcomputers},
  author  = {Nash, John C.},
  title    = {Informal expression of (numerical) algorithms},
  pages    = {222-239},
  note = {JNfile: 78-RockyMtnMicroSymposium.pdf},
  year    = {1978}
}


@Article{    jncc78,
  bibsource  = {DBLP, http://dblp.uni-trier.de},
  ee    = {http://dx.doi.org/10.1016/0097-8485(78)85009-8},
  author  = {Nash, John C.},
  title    = {Comments on "EIGN1M: a matrix diagonalization subroutine
      with minimal storage requirements"},
  journal  = {Computers \& Chemistry},
  volume  = {2},
  number  = {3-4},
  pages    = {153},
  note = {JNfile: 78ComputersChem15531605559622468466.pdf},
  year    = {1978}
}


@TechReport{    jn78constr,
  author  = {Nash, John C.},
  title    = {Constrained estimation of linear models},
  year    = {1978},
  note = {JNfile: 78-ConstrainedEstimationofLinModels.pdf},
  institution  = {Agriculture Canada}
}


@TechReport{    jnrw78gajor,
  institution  = {Agriculture Canada},
  author  = {Nash, John C. and Wang, Richard L. C.},
  title    = {The {Gauss-Jordan} inversion for a symmetric non-negative definite
      matrix},
  note = {JNfile: 78-NashWang-GJInv.pdf. Also revised version 1979, 79NashWang-GJInv-revised.pdf. },
  year    = {1978}
}

%% YY1977

@Misc{  jnbh77quadratic,
  month    = {June},
  author  = {Nash, John C. and Henderson, B.},
  title    = {Solution of a quadratic equation},
  note = {JNfile: 77Nash-Henderson-QuadEquns.pdf},
  year    = {1977}
}


@Misc{  jnll77programssvd,
  month    = {January},
  publisher  = {Nash Information Services Inc., Vanier, ON},
  author  = {Nash, John C. and Lefkovitch, L. P.},
  title    = {Programs for sequentially updated principal components and regression
              by singular value decomposition},
  note = {JNfile: 77-NashLefkovitchPrograms-NIS.pdf},
  year    = {1977}
}


@inbook{ jnsncgeig77,
	author = {Nash, John C. and Nash, Stephen G.},
	title = {Conjugate Gradient Methods for Solving Algebraic Eigenproblems},
	booktitle = {Minicomputers and Large Scale Computations},
	publisher = {{American Chemical Society}},
	chapter = {3},
	pages = {24-32},
	year = {1977},
	note  =  {JNfile: 77-jnsncgeig.pdf}
}

@Article{    jn77appstat,
  author  = {Nash, John C.},
  title    = {A discrete alternative to the logistic growth function},
  journal  = {Applied Statistics},
  volume  = {26},
  number  = {1},
  note = {JNfile: 77discretelogistic77.pdf. See also extra-unpub/Gani-paperrefsNash78.pdf 
          for commentary after a paper by J. Gani.},
  year    = {1977}
}

@Misc{      jn77mathswDallas,
  month    = {November},
  note    = {presented to the Dallas chapter of the Association for
      Computing Machinery, JNfile: 77-MathSWinBizComputing.pdf},
  author  = {Nash, John C.},
  title    = {Mathematical software in business computing},
  year    = {1977}
}

@Misc{      jn77mathswSMU,
  month    = {November},
  note    = {presented to the Computer Science Department of Southern
             Methodist University, Nov 3, 1977, JNfile: 77SMU-talkannounce.pdf},
  author  = {Nash, John C.},
  title    = {Mathematical software for minicomputers},
  year    = {1977}
}


@Article{    jn77ima,
  author  = {Nash, John C.},
  title    = {Minimizing a nonlinear sum of squares function on a small
      computer},
  journal  = {Journal of the Institute for Mathematics and its
      Applications},
  volume  = {19},
  pages    = {231-237},
  note = {JNfile: 77IMA J Appl Math-1977-NASH-231-7.pdf},
  year    = {1977}
}

%% YY1976

@Misc{      jn76mels,
  author  = {Nash, John C.},
  title    = {A program for solving mixed estimation least squares problems.},
  note = {JNfile: mels76-scan2.pdf},
  year    = {1976}
}

@Misc{      jn76dynlex,
  author  = {Nash, John C.},
  title    = {A program for estimation of a dynamic linear expenditure model using 
          {Houthakker and Taylor} method 2.},
  note = {JNfile: 7611Houthaker-Taylor-est-program.pdf},
  month = {November},
  organization = {Economics Branch, Agriculture Canada},
  year    = {1976}
}

@Article{    jn76sigmini,
  author  = {Nash, John C.},
  title    = {Experiences in the development of mathematical software for small computers},
  journal  = {ACM SigMini Newsletter},
  volume  = {2},
  number  = {2},
  pages    = {12 -- 16},
  month = {March},
  note = {JNfile: 76-SigminiNewsletter.pdf},
  year    = {1976}
}


@Misc{      jnll76M063A,
  month    = {March},
  publisher  = {Statistical Research Service, Research Branch, Agriculture Canada},
  author  = {Nash, John C. and Lefkovitch, L. P.},
  title    = {{Nash-Lefkovitch method for regression, principal components,
               and singular value decomposition, modified to sequentially add
               observations to the data}},
  note = {JNfile: 76-M063A-Nash-Lefkovitch.pdf},
  year    = {1976}
}


@Booklet{      jn76annbib,
  month    = {May},
  publisher  = {Nash Information Services Inc., Ottawa, Ontario},
  author  = {Nash, John C.},
  title    = {An annotated bibliography on nonlinear least squares
      computations with test problems},
  note    = {microfiche,  JNfile: nonlinannbib1976.pdf and AnnotatedBibProblems1976Scan.pdf},
  year    = {1976}
}

@Misc{      jn76Cornell,
  month    = {October},
  publisher  = {presented at an invited seminar at Cornell University},
  author  = {Nash, John C.},
  title    = {Function minimization with small computers},
  note = {JNfile: 76-FunctionMinwithSmallComputers-Cornell.pdf},
  year    = {1976}
}

@Article{    jn76signum,
  month    = {May},
  author  = {Nash, John C.},
  title    = {Numerical software for minicomputers},
  journal  = {SIGNUM Newsletter},
  volume  = {11},
  number  = {1},
  pages    = {40-41},
  note = {JNfile: 76Signum.pdf},
  year    = {1976}
}

@Article{    jnll76,
  author  = {Lefkovitch, L. P. and Nash, John C.},
  title    = {Principal components and regression by singular value
      decomposition on a small computer},
  journal  = {Applied Statistics},
  volume  = {25},
  number  = {3},
  pages    = {210-216},
  note = {JNfile: 76NashLefkovitch2347228.pdf},
  year    = {1976}
}


@Article{    jn76eco,
  author  = {Nash, John C.},
  title    = {Small computer programs for OLS and principal components
      regression calculations},
  journal  = {Econometrica},
  volume  = {44},
  number  = {4},
  pages    = {833},
  month    = {July},
  note = {JNfile: 76Econometrica1913454.pdf},
  year    = {1976}
}

@TechReport{    jnsg76poly,
  institution  = {Research Division, Economics Branch, Agriculture Canada},
  author  = {Nash, John C. and Nash, Stephen G.},
  title    = {Programs for finding the roots of polynomials},
  note = {JNfile: 76Polyroot-JNSGN.pdf},
  year    = {1976}
}

%% YY1975
  
@Article{    jn75cj,
  month    = {January},
  author  = {Nash, John C.},
  title    = {A one-sided transformation method for the singular
      decomposition and algebraic eigenproblem},
  journal  = {Computer Journal},
  volume  = {18},
  number  = {1},
  pages    = {74-76},
  note = {JNfile: 75The Computer Journal-1975-Nash-74-6.pdf},
  year    = {1975}
}


@TechReport{    jn75some,
  institution  = {Agriculture Canada},
  month    = {October},
  author  = {Nash, John C.},
  title    = {Some methods for minimizing a sum of squares function},
  note    = {Prepared for researchers at Agriculture Canada. Economics Branch,
  		Working Paper No. 1. JNfile: 75SomeMethodsforMinimizingaSumofSquares.pdf},
  year    = {1975}
}


@Article{    jnjt75cfe,
  month    = {April},
  author  = {Nash, John C. and Teeter, N. J.},
  title    = {Building models: an example from the Canadian dairy
      industry},
  journal  = {Canadian Farm Economics},
  volume  = {10},
  number  = {2},
  pages    = {17-24},
  note = {JNfile: 75NashTeeter-E.pdf},
  year    = {1975}
}

@Article{    jnjt75erc,
  month    = {avril},
  note    = {Version fran{\c{c}}aise de l{'}article
        {"Building models: an example from the Canadian dairy
        industry"}.   JNfile: 75NashTeeter-F.pdf },
  author  = {Nash, John C. and Teeter, N. J.},
  title    = {Construction de mod{\`{e}}les: exemple tir{\'{e}} de
      l{'}industrie laiti{\`{e}}re canadienne},
  journal  = {L{'} Economie Rurale au Canada},
  volume  = {10},
  number  = {2},
  pages    = {19-27},
  year    = {1975}
}

%% YY1974

@Booklet{   jn7476leastsquares,
  month    = {June},
  institution  = {Research Division, Economics Branch, Agriculture Canada},
  author  = {Nash, John C.},
  title    = {Some methods for solving single equation linear least
          squares regression problems},
  note = {Revised edition, September 1976. JNfile: 74-76SolvingLSProbs.pdf},
  year    = {1974}
}


@Article{    jn74cpc,
  author  = {Nash, John C.},
  title    = {The Hermitian matrix eigenproblem using compact array
      storage},
  journal  = {Computer Physics Communications},
  volume  = {8},
  number  = {2},
  pages    = {85-94},
  note = {JNfile: 74CompPhysComm8104151087681446090.pdf},
  year    = {1974}
}

@TechReport{    jn74sim,
  institution  = {Agriculture Canada, Economics Branch},
  author  = {Nash, John C.},
  title    = {Simulation as a tool to evaluate agricultural
      stabilization plans},
  note = {JNfile: 74SimulationAsTool.pdf},
  year    = {1974}
}

