%% This BibTeX bibliography file was created using BibDesk.
%% http://bibdesk.sourceforge.net/


%% Created for Christophe Dutang at 2013-12-05 11:30:23 +0100 


%% Saved with string encoding Unicode (UTF-8) 



@article{heusingerkanzow,
	Author = {A. von Heusinger and C. Kanzow},
	Date-Added = {2013-12-05 11:30:22 +0100},
	Date-Modified = {2013-12-05 11:30:22 +0100},
	Journal = {Computational Optimization and Applications},
	Number = {3},
	Title = {{Optimization reformulations of the generalized Nash equilibrium problem using the Nikaido-Isoda type functions}},
	Volume = {43},
	Year = {2009}}

@article{fukubo10,
	Author = {K. Kubota and M. Fukushima},
	Date-Added = {2013-12-05 10:20:35 +0100},
	Date-Modified = {2013-12-05 10:20:35 +0100},
	Journal = {Journal of Optimization Theory and Applications},
	Number = {3},
	Pages = {511-531},
	Title = {{Gap function approach to the generalized Nash equilibrium problem}},
	Volume = {144},
	Year = {2010}}

@unpublished{facchkanz09b,
	Author = {F. Facchinei and C. Kanzow},
	Date-Added = {2013-12-05 09:59:18 +0100},
	Date-Modified = {2013-12-05 09:59:18 +0100},
	Note = {Updated version of the 'quaterly journal of operations research' version},
	Title = {{Generalized Nash equilibrium problems}},
	Year = {2009}}

@article{kanzowfacchetal11,
	Author = {A. Dreves and Francisco Facchinei and Christian Kanzow and S. Sagratella},
	Date-Added = {2012-08-06 15:22:58 +0200},
	Date-Modified = {2012-08-06 15:22:58 +0200},
	Journal = {SIAM Journal on Optimization},
	Number = {3},
	Pages = {1082-1108},
	Title = {{On the solutions of the KKT conditions of generalized Nash equilibrium problems}},
	Volume = {21},
	Year = {2011}}

@article{krawuryasev00,
	Author = {J.B. Krawczyk and S. Uryasev},
	Date-Added = {2012-07-26 10:10:04 +0200},
	Date-Modified = {2012-07-26 10:10:04 +0200},
	Journal = {Environmental Modeling and Assessment},
	Number = {1},
	Pages = {63-73},
	Title = {{Relaxation algorithms to find Nash equilibria with economic applications}},
	Volume = {5},
	Year = {2000}}

@article{facchineietal07,
	Author = {Francisco Facchinei and Andreas Fischer and Veronica Piccialli},
	Date-Added = {2012-07-26 09:11:02 +0200},
	Date-Modified = {2012-07-26 09:11:13 +0200},
	Journal = {Operations Research Letters},
	Number = {2},
	Pages = {159-164},
	Title = {{On generalized Nash games and variational inequalities}},
	Volume = {35},
	Year = {2007}}

@article{facchfischpic09,
	Author = {Francisco Facchinei and Andreas Fischer and Veronica Piccialli},
	Date-Added = {2011-09-19 21:21:49 +0200},
	Date-Modified = {2011-09-19 21:21:49 +0200},
	Journal = {Math. Program., Ser. B},
	Pages = {163-194},
	Title = {{Generalized Nash equilibrium problems and Newton methods}},
	Volume = {117},
	Year = {2009}}
