%% This BibTeX bibliography file was created using BibDesk.
%% https://bibdesk.sourceforge.io/

%% Created for Christophe DUTANG at 2024-06-17 15:37:04 +0200 


%% Saved with string encoding Unicode (UTF-8) 



@article{elnaboulsi2011efficient,
	author = {Elnaboulsi, Jihad C},
	date-added = {2024-06-17 15:36:53 +0200},
	date-modified = {2024-06-17 15:36:53 +0200},
	journal = {Environmental Modeling \& Assessment},
	pages = {343--358},
	publisher = {Springer},
	title = {An efficient pollution control instrument: the case of urban wastewater pollution},
	volume = {16},
	year = {2011}}

@article{contreras2018playing,
	author = {Contreras, Javier and Krawczyk, Jacek B and Zuccollo, James},
	date-added = {2024-06-17 15:22:19 +0200},
	date-modified = {2024-06-17 15:22:19 +0200},
	journal = {Environmental Modeling \& Assessment},
	number = {6},
	pages = {639--651},
	publisher = {Springer},
	title = {Playing pollution games with thermal electricity generators},
	volume = {23},
	year = {2018}}

@article{krawczyk2007numerical,
	author = {Krawczyk, Jacek},
	date-added = {2024-06-17 14:53:39 +0200},
	date-modified = {2024-06-17 14:53:39 +0200},
	journal = {Computational Management Science},
	pages = {183--204},
	publisher = {Springer},
	title = {Numerical solutions to coupled-constraint (or generalised Nash) equilibrium problems},
	volume = {4},
	year = {2007}}

@article{krawczyk05,
	author = {J. Krawczyk},
	date-added = {2024-06-17 09:26:52 +0200},
	date-modified = {2024-06-17 09:28:05 +0200},
	doi = {10.1016/j.reseneeco.2004.08.001},
	journal = {Resource and Energy Economics},
	title = {Coupled constraint {Nash} equilibria in environmental games},
	volume = {27},
	year = {2005},
	bdsk-url-1 = {https://doi.org/10.1016/j.reseneeco.2004.08.001}}

@article{haurie1997optimal,
	author = {Haurie, Alain and Krawczyk, Jacek B},
	date-added = {2024-06-17 09:13:37 +0200},
	date-modified = {2024-06-17 09:13:37 +0200},
	journal = {Environmental Modeling \& Assessment},
	pages = {177--189},
	publisher = {Springer},
	title = {Optimal charges on river effluent from lumped and distributed sources},
	volume = {2},
	year = {1997}}

@article{heusingerkanzow,
	author = {A. von Heusinger and C. Kanzow},
	date-added = {2013-12-05 11:30:22 +0100},
	date-modified = {2013-12-05 11:30:22 +0100},
	journal = {Computational Optimization and Applications},
	number = {3},
	title = {{Optimization reformulations of the generalized Nash equilibrium problem using the Nikaido-Isoda type functions}},
	volume = {43},
	year = {2009}}

@article{fukubo10,
	author = {K. Kubota and M. Fukushima},
	date-added = {2013-12-05 10:20:35 +0100},
	date-modified = {2013-12-05 10:20:35 +0100},
	journal = {Journal of Optimization Theory and Applications},
	number = {3},
	pages = {511-531},
	title = {{Gap function approach to the generalized Nash equilibrium problem}},
	volume = {144},
	year = {2010}}

@unpublished{facchkanz09b,
	author = {F. Facchinei and C. Kanzow},
	date-added = {2013-12-05 09:59:18 +0100},
	date-modified = {2013-12-05 09:59:18 +0100},
	note = {Updated version of the 'quaterly journal of operations research' version},
	title = {{Generalized Nash equilibrium problems}},
	year = {2009}}

@article{kanzowfacchetal11,
	author = {A. Dreves and Francisco Facchinei and Christian Kanzow and S. Sagratella},
	date-added = {2012-08-06 15:22:58 +0200},
	date-modified = {2012-08-06 15:22:58 +0200},
	journal = {SIAM Journal on Optimization},
	number = {3},
	pages = {1082-1108},
	title = {{On the solutions of the KKT conditions of generalized Nash equilibrium problems}},
	volume = {21},
	year = {2011}}

@article{krawuryasev00,
	author = {J.B. Krawczyk and S. Uryasev},
	date-added = {2012-07-26 10:10:04 +0200},
	date-modified = {2012-07-26 10:10:04 +0200},
	journal = {Environmental Modeling and Assessment},
	number = {1},
	pages = {63-73},
	title = {{Relaxation algorithms to find Nash equilibria with economic applications}},
	volume = {5},
	year = {2000}}

@article{facchineietal07,
	author = {Francisco Facchinei and Andreas Fischer and Veronica Piccialli},
	date-added = {2012-07-26 09:11:02 +0200},
	date-modified = {2012-07-26 09:11:13 +0200},
	journal = {Operations Research Letters},
	number = {2},
	pages = {159-164},
	title = {{On generalized Nash games and variational inequalities}},
	volume = {35},
	year = {2007}}

@article{facchfischpic09,
	author = {Francisco Facchinei and Andreas Fischer and Veronica Piccialli},
	date-added = {2011-09-19 21:21:49 +0200},
	date-modified = {2011-09-19 21:21:49 +0200},
	journal = {Math. Program., Ser. B},
	pages = {163-194},
	title = {{Generalized Nash equilibrium problems and Newton methods}},
	volume = {117},
	year = {2009}}
