@book{danwood1980,
	Author = {Daniel, C. and Wood, F. S.},
	Keywords = {Variable selection},
	Pages = {458},
	Publisher = {Wiley},
	Title = {Fitting Equations to Data: {C}omputer Analysis of Multifactor Data, {S}econd Edition},
	Year = {1980}}
	
@Manual{optimrx16,
    title = {{optimr}: A Replacement and Extension of the 'optim' Function},
    author = {John C Nash},
    url = {http://download.r-forge.r-project.org/src/contrib/optimrx_2016-10.3.tar.gz},
    Note = {A placeholder package is on CRAN at http://CRAN.R-project.org/package=optimr,
       while the full package is on R-forge at the given location.},
    year = {2016}
  }

@article{Dolan2006,
 author = {Dolan, Elizabeth D. and Mor{\'e}, Jorge J. and Munson, Todd S.},
 title = {Optimality Measures for Performance Profiles},
 journal = {SIAM J. on Optimization},
 issue_date = {2006},
 volume = {16},
 number = {3},
 month = mar,
 year = {2006},
 issn = {1052-6234},
 pages = {891--909},
 numpages = {19},
 url = {http://dx.doi.org/10.1137/040608015},
 doi = {10.1137/040608015},
 acmid = {1113258},
 publisher = {Society for Industrial and Applied Mathematics},
 address = {Philadelphia, PA, USA},
 keywords = {benchmarking, optimality conditions, performance profiles, scale invariance},
} 
[download]
